%YAML 1.1
%TAG !u! tag:unity3d.com,2011:
--- !u!1 &133028
GameObject:
  m_ObjectHideFlags: 0
  m_PrefabParentObject: {fileID: 0}
  m_PrefabInternal: {fileID: 100100000}
  serializedVersion: 4
  m_Component:
  - 4: {fileID: 498794}
  m_Layer: 0
  m_Name: Cannon Ball Spawn Point
  m_TagString: Untagged
  m_Icon: {fileID: 0}
  m_NavMeshLayer: 0
  m_StaticEditorFlags: 0
  m_IsActive: 1
--- !u!1 &138814
GameObject:
  m_ObjectHideFlags: 0
  m_PrefabParentObject: {fileID: 0}
  m_PrefabInternal: {fileID: 100100000}
  serializedVersion: 4
  m_Component:
  - 224: {fileID: 22453136}
  - 223: {fileID: 22308328}
  - 114: {fileID: 11425198}
  - 114: {fileID: 11437148}
  m_Layer: 0
  m_Name: Canvas
  m_TagString: Untagged
  m_Icon: {fileID: 0}
  m_NavMeshLayer: 0
  m_StaticEditorFlags: 0
  m_IsActive: 1
--- !u!1 &140236
GameObject:
  m_ObjectHideFlags: 1
  m_PrefabParentObject: {fileID: 0}
  m_PrefabInternal: {fileID: 100100000}
  serializedVersion: 4
  m_Component:
  - 224: {fileID: 22423038}
  - 222: {fileID: 22266108}
  - 114: {fileID: 11489560}
  m_Layer: 5
  m_Name: Panel
  m_TagString: Untagged
  m_Icon: {fileID: 0}
  m_NavMeshLayer: 0
  m_StaticEditorFlags: 0
  m_IsActive: 1
--- !u!1 &166358
GameObject:
  m_ObjectHideFlags: 0
  m_PrefabParentObject: {fileID: 0}
  m_PrefabInternal: {fileID: 100100000}
  serializedVersion: 4
  m_Component:
  - 4: {fileID: 432884}
  - 212: {fileID: 21290150}
  - 50: {fileID: 5072198}
  - 114: {fileID: 11474862}
  - 114: {fileID: 11418288}
  - 61: {fileID: 6124586}
  - 58: {fileID: 5889136}
  - 58: {fileID: 5822614}
  - 82: {fileID: 8281616}
  - 82: {fileID: 8290832}
  - 82: {fileID: 8259692}
  - 114: {fileID: 11436684}
  m_Layer: 0
  m_Name: Cannon Barrel
  m_TagString: Untagged
  m_Icon: {fileID: 0}
  m_NavMeshLayer: 0
  m_StaticEditorFlags: 0
  m_IsActive: 1
--- !u!1 &172612
GameObject:
  m_ObjectHideFlags: 1
  m_PrefabParentObject: {fileID: 0}
  m_PrefabInternal: {fileID: 100100000}
  serializedVersion: 4
  m_Component:
  - 224: {fileID: 22433914}
  - 222: {fileID: 22242818}
  - 114: {fileID: 11436600}
  m_Layer: 5
  m_Name: Filler
  m_TagString: Untagged
  m_Icon: {fileID: 0}
  m_NavMeshLayer: 0
  m_StaticEditorFlags: 0
  m_IsActive: 1
--- !u!1 &187774
GameObject:
  m_ObjectHideFlags: 0
  m_PrefabParentObject: {fileID: 0}
  m_PrefabInternal: {fileID: 100100000}
  serializedVersion: 4
  m_Component:
  - 4: {fileID: 465418}
  - 212: {fileID: 21281108}
  - 50: {fileID: 5037160}
  - 68: {fileID: 6855684}
  - 68: {fileID: 6871602}
  - 68: {fileID: 6814282}
  - 68: {fileID: 6844700}
  - 114: {fileID: 11403652}
  - 82: {fileID: 8296886}
  - 114: {fileID: 11447334}
  m_Layer: 0
  m_Name: Bucket
  m_TagString: Untagged
  m_Icon: {fileID: 0}
  m_NavMeshLayer: 0
  m_StaticEditorFlags: 0
  m_IsActive: 1
--- !u!4 &432884
Transform:
  m_ObjectHideFlags: 1
  m_PrefabParentObject: {fileID: 0}
  m_PrefabInternal: {fileID: 100100000}
  m_GameObject: {fileID: 166358}
  m_LocalRotation: {x: 0, y: 0, z: 0, w: 1}
  m_LocalPosition: {x: 0, y: -1.83000004, z: 0}
  m_LocalScale: {x: .0500000007, y: .0500000007, z: 1}
  m_Children:
  - {fileID: 498794}
  - {fileID: 465418}
  - {fileID: 22453136}
  m_Father: {fileID: 0}
  m_RootOrder: 0
--- !u!4 &465418
Transform:
  m_ObjectHideFlags: 1
  m_PrefabParentObject: {fileID: 0}
  m_PrefabInternal: {fileID: 100100000}
  m_GameObject: {fileID: 187774}
  m_LocalRotation: {x: 0, y: 0, z: .707106829, w: .707106709}
  m_LocalPosition: {x: -21.3999996, y: -.5, z: 0}
  m_LocalScale: {x: 1.31062448, y: 1.31062448, z: .465908676}
  m_Children: []
  m_Father: {fileID: 432884}
  m_RootOrder: 1
--- !u!4 &498794
Transform:
  m_ObjectHideFlags: 1
  m_PrefabParentObject: {fileID: 0}
  m_PrefabInternal: {fileID: 100100000}
  m_GameObject: {fileID: 133028}
  m_LocalRotation: {x: 0, y: 0, z: -.00909823272, w: .999958634}
  m_LocalPosition: {x: 16.1381454, y: -.248686641, z: 0}
  m_LocalScale: {x: 1, y: 1, z: .153897002}
  m_Children: []
  m_Father: {fileID: 432884}
  m_RootOrder: 0
--- !u!50 &5037160
Rigidbody2D:
  serializedVersion: 2
  m_ObjectHideFlags: 1
  m_PrefabParentObject: {fileID: 0}
  m_PrefabInternal: {fileID: 100100000}
  m_GameObject: {fileID: 187774}
  m_Mass: .899999976
  m_LinearDrag: 0
  m_AngularDrag: .0500000007
  m_GravityScale: 1
  m_IsKinematic: 1
  m_Interpolate: 0
  m_SleepingMode: 1
  m_CollisionDetection: 1
  m_Constraints: 0
--- !u!50 &5072198
Rigidbody2D:
  serializedVersion: 2
  m_ObjectHideFlags: 1
  m_PrefabParentObject: {fileID: 0}
  m_PrefabInternal: {fileID: 100100000}
  m_GameObject: {fileID: 166358}
  m_Mass: 100
  m_LinearDrag: 0
  m_AngularDrag: .0500000007
  m_GravityScale: 1
  m_IsKinematic: 1
  m_Interpolate: 0
  m_SleepingMode: 1
  m_CollisionDetection: 1
  m_Constraints: 0
--- !u!58 &5822614
CircleCollider2D:
  m_ObjectHideFlags: 1
  m_PrefabParentObject: {fileID: 0}
  m_PrefabInternal: {fileID: 100100000}
  m_GameObject: {fileID: 166358}
  m_Enabled: 1
  m_Material: {fileID: 0}
  m_IsTrigger: 0
  m_UsedByEffector: 0
  m_Offset: {x: -12.46, y: 0}
  serializedVersion: 2
  m_Radius: 2.00999999
--- !u!58 &5889136
CircleCollider2D:
  m_ObjectHideFlags: 1
  m_PrefabParentObject: {fileID: 0}
  m_PrefabInternal: {fileID: 100100000}
  m_GameObject: {fileID: 166358}
  m_Enabled: 1
  m_Material: {fileID: 0}
  m_IsTrigger: 0
  m_UsedByEffector: 0
  m_Offset: {x: -6.25, y: 0}
  serializedVersion: 2
  m_Radius: 5.57000017
--- !u!61 &6124586
BoxCollider2D:
  m_ObjectHideFlags: 1
  m_PrefabParentObject: {fileID: 0}
  m_PrefabInternal: {fileID: 100100000}
  m_GameObject: {fileID: 166358}
  m_Enabled: 1
  m_Material: {fileID: 0}
  m_IsTrigger: 0
  m_UsedByEffector: 0
  m_Offset: {x: 4.87726164, y: .112116337}
  serializedVersion: 2
  m_Size: {x: 19.445488, y: 7.08093643}
--- !u!68 &6814282
EdgeCollider2D:
  m_ObjectHideFlags: 1
  m_PrefabParentObject: {fileID: 0}
  m_PrefabInternal: {fileID: 100100000}
  m_GameObject: {fileID: 187774}
  m_Enabled: 1
  m_Material: {fileID: 6200000, guid: 2c52ce9e7dd5a4600b253277ad884469, type: 2}
  m_IsTrigger: 0
  m_UsedByEffector: 0
  m_Offset: {x: 0, y: 0}
  m_Points:
  - {x: 3.05589986, y: -4.54668045}
  - {x: 4.63127089, y: 4.31231594}
--- !u!68 &6844700
EdgeCollider2D:
  m_ObjectHideFlags: 1
  m_PrefabParentObject: {fileID: 0}
  m_PrefabInternal: {fileID: 100100000}
  m_GameObject: {fileID: 187774}
  m_Enabled: 1
  m_Material: {fileID: 0}
  m_IsTrigger: 1
  m_UsedByEffector: 0
  m_Offset: {x: 0, y: 0}
  m_Points:
  - {x: -2.17380309, y: -.920917749}
  - {x: 1.96716213, y: -.943718493}
--- !u!68 &6855684
EdgeCollider2D:
  m_ObjectHideFlags: 1
  m_PrefabParentObject: {fileID: 0}
  m_PrefabInternal: {fileID: 100100000}
  m_GameObject: {fileID: 187774}
  m_Enabled: 1
  m_Material: {fileID: 6200000, guid: 2c52ce9e7dd5a4600b253277ad884469, type: 2}
  m_IsTrigger: 0
  m_UsedByEffector: 0
  m_Offset: {x: 0, y: 0}
  m_Points:
  - {x: -2.85009694, y: -4.59355354}
  - {x: -4.79019976, y: 4.49980783}
--- !u!68 &6871602
EdgeCollider2D:
  m_ObjectHideFlags: 1
  m_PrefabParentObject: {fileID: 0}
  m_PrefabInternal: {fileID: 100100000}
  m_GameObject: {fileID: 187774}
  m_Enabled: 1
  m_Material: {fileID: 6200000, guid: 2c52ce9e7dd5a4600b253277ad884469, type: 2}
  m_IsTrigger: 0
  m_UsedByEffector: 0
  m_Offset: {x: 0, y: 0}
  m_Points:
  - {x: -2.75635099, y: -4.49980783}
  - {x: 3.08446074, y: -4.59355354}
--- !u!82 &8259692
AudioSource:
  m_ObjectHideFlags: 1
  m_PrefabParentObject: {fileID: 0}
  m_PrefabInternal: {fileID: 100100000}
  m_GameObject: {fileID: 166358}
  m_Enabled: 1
  serializedVersion: 4
  OutputAudioMixerGroup: {fileID: 0}
  m_audioClip: {fileID: 8300000, guid: 5189ab3b7467745ac85303a6c8c2dbe3, type: 3}
  m_PlayOnAwake: 0
  m_Volume: 1
  m_Pitch: 1
  Loop: 0
  Mute: 0
  Priority: 128
  DopplerLevel: 1
  MinDistance: 1
  MaxDistance: 500
  Pan2D: 0
  rolloffMode: 0
  BypassEffects: 0
  BypassListenerEffects: 0
  BypassReverbZones: 0
  rolloffCustomCurve:
    serializedVersion: 2
    m_Curve:
    - time: 0
      value: 1
      inSlope: 0
      outSlope: 0
      tangentMode: 0
    - time: 1
      value: 0
      inSlope: 0
      outSlope: 0
      tangentMode: 0
    m_PreInfinity: 2
    m_PostInfinity: 2
  panLevelCustomCurve:
    serializedVersion: 2
    m_Curve:
    - time: 0
      value: 0
      inSlope: 0
      outSlope: 0
      tangentMode: 0
    m_PreInfinity: 2
    m_PostInfinity: 2
  spreadCustomCurve:
    serializedVersion: 2
    m_Curve:
    - time: 0
      value: 0
      inSlope: 0
      outSlope: 0
      tangentMode: 0
    m_PreInfinity: 2
    m_PostInfinity: 2
  reverbZoneMixCustomCurve:
    serializedVersion: 2
    m_Curve:
    - time: 0
      value: 1
      inSlope: 0
      outSlope: 0
      tangentMode: 0
    m_PreInfinity: 2
    m_PostInfinity: 2
--- !u!82 &8281616
AudioSource:
  m_ObjectHideFlags: 1
  m_PrefabParentObject: {fileID: 0}
  m_PrefabInternal: {fileID: 100100000}
  m_GameObject: {fileID: 166358}
  m_Enabled: 1
  serializedVersion: 4
  OutputAudioMixerGroup: {fileID: 0}
  m_audioClip: {fileID: 8300000, guid: 7f64d30f20cd2456b93c26f1134386dd, type: 3}
  m_PlayOnAwake: 0
  m_Volume: 1
  m_Pitch: 1
  Loop: 0
  Mute: 0
  Priority: 100
  DopplerLevel: 1
  MinDistance: 1
  MaxDistance: 500
  Pan2D: 0
  rolloffMode: 0
  BypassEffects: 0
  BypassListenerEffects: 0
  BypassReverbZones: 0
  rolloffCustomCurve:
    serializedVersion: 2
    m_Curve:
    - time: 0
      value: 1
      inSlope: 0
      outSlope: 0
      tangentMode: 0
    - time: 1
      value: 0
      inSlope: 0
      outSlope: 0
      tangentMode: 0
    m_PreInfinity: 2
    m_PostInfinity: 2
  panLevelCustomCurve:
    serializedVersion: 2
    m_Curve:
    - time: 0
      value: 0
      inSlope: 0
      outSlope: 0
      tangentMode: 0
    m_PreInfinity: 2
    m_PostInfinity: 2
  spreadCustomCurve:
    serializedVersion: 2
    m_Curve:
    - time: 0
      value: 0
      inSlope: 0
      outSlope: 0
      tangentMode: 0
    m_PreInfinity: 2
    m_PostInfinity: 2
  reverbZoneMixCustomCurve:
    serializedVersion: 2
    m_Curve:
    - time: 0
      value: 1
      inSlope: 0
      outSlope: 0
      tangentMode: 0
    m_PreInfinity: 2
    m_PostInfinity: 2
--- !u!82 &8290832
AudioSource:
  m_ObjectHideFlags: 1
  m_PrefabParentObject: {fileID: 0}
  m_PrefabInternal: {fileID: 100100000}
  m_GameObject: {fileID: 166358}
  m_Enabled: 1
  serializedVersion: 4
  OutputAudioMixerGroup: {fileID: 0}
  m_audioClip: {fileID: 8300000, guid: fd48b44876fc648bd9327193fc8954e0, type: 3}
  m_PlayOnAwake: 0
  m_Volume: 1
  m_Pitch: 1
  Loop: 0
  Mute: 0
  Priority: 128
  DopplerLevel: 1
  MinDistance: 1
  MaxDistance: 500
  Pan2D: 0
  rolloffMode: 0
  BypassEffects: 0
  BypassListenerEffects: 0
  BypassReverbZones: 0
  rolloffCustomCurve:
    serializedVersion: 2
    m_Curve:
    - time: 0
      value: 1
      inSlope: 0
      outSlope: 0
      tangentMode: 0
    - time: 1
      value: 0
      inSlope: 0
      outSlope: 0
      tangentMode: 0
    m_PreInfinity: 2
    m_PostInfinity: 2
  panLevelCustomCurve:
    serializedVersion: 2
    m_Curve:
    - time: 0
      value: 0
      inSlope: 0
      outSlope: 0
      tangentMode: 0
    m_PreInfinity: 2
    m_PostInfinity: 2
  spreadCustomCurve:
    serializedVersion: 2
    m_Curve:
    - time: 0
      value: 0
      inSlope: 0
      outSlope: 0
      tangentMode: 0
    m_PreInfinity: 2
    m_PostInfinity: 2
  reverbZoneMixCustomCurve:
    serializedVersion: 2
    m_Curve:
    - time: 0
      value: 1
      inSlope: 0
      outSlope: 0
      tangentMode: 0
    m_PreInfinity: 2
    m_PostInfinity: 2
--- !u!82 &8296886
AudioSource:
  m_ObjectHideFlags: 1
  m_PrefabParentObject: {fileID: 0}
  m_PrefabInternal: {fileID: 100100000}
  m_GameObject: {fileID: 187774}
  m_Enabled: 1
  serializedVersion: 4
  OutputAudioMixerGroup: {fileID: 0}
  m_audioClip: {fileID: 8300000, guid: 353e28e06f27edc47ad4e8d01e980574, type: 3}
  m_PlayOnAwake: 0
  m_Volume: 1
  m_Pitch: 1
  Loop: 0
  Mute: 0
  Priority: 128
  DopplerLevel: 1
  MinDistance: 1
  MaxDistance: 500
  Pan2D: 0
  rolloffMode: 0
  BypassEffects: 0
  BypassListenerEffects: 0
  BypassReverbZones: 0
  rolloffCustomCurve:
    serializedVersion: 2
    m_Curve:
    - time: 0
      value: 1
      inSlope: 0
      outSlope: 0
      tangentMode: 0
    - time: 1
      value: 0
      inSlope: 0
      outSlope: 0
      tangentMode: 0
    m_PreInfinity: 2
    m_PostInfinity: 2
  panLevelCustomCurve:
    serializedVersion: 2
    m_Curve:
    - time: 0
      value: 0
      inSlope: 0
      outSlope: 0
      tangentMode: 0
    m_PreInfinity: 2
    m_PostInfinity: 2
  spreadCustomCurve:
    serializedVersion: 2
    m_Curve:
    - time: 0
      value: 0
      inSlope: 0
      outSlope: 0
      tangentMode: 0
    m_PreInfinity: 2
    m_PostInfinity: 2
  reverbZoneMixCustomCurve:
    serializedVersion: 2
    m_Curve:
    - time: 0
      value: 1
      inSlope: 0
      outSlope: 0
      tangentMode: 0
    m_PreInfinity: 2
    m_PostInfinity: 2
--- !u!114 &11403652
MonoBehaviour:
  m_ObjectHideFlags: 1
  m_PrefabParentObject: {fileID: 0}
  m_PrefabInternal: {fileID: 100100000}
  m_GameObject: {fileID: 187774}
  m_Enabled: 1
  m_EditorHideFlags: 0
  m_Script: {fileID: 11500000, guid: 3a6fc9f706e2143b99314194a753116e, type: 3}
  m_Name: 
  m_EditorClassIdentifier: 
--- !u!114 &11418288
MonoBehaviour:
  m_ObjectHideFlags: 1
  m_PrefabParentObject: {fileID: 0}
  m_PrefabInternal: {fileID: 100100000}
  m_GameObject: {fileID: 166358}
  m_Enabled: 1
  m_EditorHideFlags: 0
  m_Script: {fileID: 11500000, guid: 049585352f7fa4fd4a02976f107e2529, type: 3}
  m_Name: 
  m_EditorClassIdentifier: 
  ball: {fileID: 141164, guid: dce46dbf154f5460fac5a8cec01b64de, type: 2}
  powerFiller: {fileID: 11436600}
  ballSpawnPoint: {fileID: 498794}
  baseVelocity: 6
  maxVelocity: 18
  powerChargeAudioName: cannonCharge1
  fireFxAudioName: cannonFire
  enablePowerFire: 1
  ballFired: 0
  fireButton: {fileID: 0}
--- !u!114 &11425198
MonoBehaviour:
  m_ObjectHideFlags: 1
  m_PrefabParentObject: {fileID: 0}
  m_PrefabInternal: {fileID: 100100000}
  m_GameObject: {fileID: 138814}
  m_Enabled: 1
  m_EditorHideFlags: 0
  m_Script: {fileID: 1980459831, guid: f5f67c52d1564df4a8936ccd202a3bd8, type: 3}
  m_Name: 
  m_EditorClassIdentifier: 
  m_UiScaleMode: 1
  m_ReferencePixelsPerUnit: 100
  m_ScaleFactor: 1
  m_ReferenceResolution: {x: 1920, y: 1080}
  m_ScreenMatchMode: 0
  m_MatchWidthOrHeight: 0
  m_PhysicalUnit: 3
  m_FallbackScreenDPI: 96
  m_DefaultSpriteDPI: 96
  m_DynamicPixelsPerUnit: 1
--- !u!114 &11436600
MonoBehaviour:
  m_ObjectHideFlags: 1
  m_PrefabParentObject: {fileID: 0}
  m_PrefabInternal: {fileID: 100100000}
  m_GameObject: {fileID: 172612}
  m_Enabled: 1
  m_EditorHideFlags: 0
  m_Script: {fileID: -765806418, guid: f5f67c52d1564df4a8936ccd202a3bd8, type: 3}
  m_Name: 
  m_EditorClassIdentifier: 
  m_Material: {fileID: 0}
  m_Color: {r: 1, g: 1, b: 1, a: 1}
  m_Sprite: {fileID: 21300000, guid: f49d5775eb93c4c0499db9547f7b1aa0, type: 3}
  m_Type: 3
  m_PreserveAspect: 1
  m_FillCenter: 1
  m_FillMethod: 0
  m_FillAmount: 0
  m_FillClockwise: 1
  m_FillOrigin: 0
--- !u!114 &11436684
MonoBehaviour:
  m_ObjectHideFlags: 1
  m_PrefabParentObject: {fileID: 0}
  m_PrefabInternal: {fileID: 100100000}
  m_GameObject: {fileID: 166358}
  m_Enabled: 1
  m_EditorHideFlags: 0
  m_Script: {fileID: 11500000, guid: da2f6ab938f9e4cf4b6889cf04fccb14, type: 3}
  m_Name: 
  m_EditorClassIdentifier: 
  rollAudioName: 
  thudAudioName: cannonhit
  rollSpeedThreshold: 0
--- !u!114 &11437148
MonoBehaviour:
  m_ObjectHideFlags: 1
  m_PrefabParentObject: {fileID: 0}
  m_PrefabInternal: {fileID: 100100000}
  m_GameObject: {fileID: 138814}
  m_Enabled: 1
  m_EditorHideFlags: 0
  m_Script: {fileID: 1301386320, guid: f5f67c52d1564df4a8936ccd202a3bd8, type: 3}
  m_Name: 
  m_EditorClassIdentifier: 
  m_IgnoreReversedGraphics: 1
  m_BlockingObjects: 0
  m_BlockingMask:
    serializedVersion: 2
    m_Bits: 4294967295
--- !u!114 &11447334
MonoBehaviour:
  m_ObjectHideFlags: 1
  m_PrefabParentObject: {fileID: 0}
  m_PrefabInternal: {fileID: 100100000}
  m_GameObject: {fileID: 187774}
  m_Enabled: 1
  m_EditorHideFlags: 0
  m_Script: {fileID: 11500000, guid: da2f6ab938f9e4cf4b6889cf04fccb14, type: 3}
  m_Name: 
  m_EditorClassIdentifier: 
  rollAudioName: 
  thudAudioName: bucket
  rollSpeedThreshold: 0
--- !u!114 &11474862
MonoBehaviour:
  m_ObjectHideFlags: 1
  m_PrefabParentObject: {fileID: 0}
  m_PrefabInternal: {fileID: 100100000}
  m_GameObject: {fileID: 166358}
  m_Enabled: 1
  m_EditorHideFlags: 0
  m_Script: {fileID: 11500000, guid: b6787912211c54f169b5486c79445b5d, type: 3}
  m_Name: 
  m_EditorClassIdentifier: 
  roatationSpeed: 2
  autoRotationEnabled: 1
--- !u!114 &11489560
MonoBehaviour:
  m_ObjectHideFlags: 1
  m_PrefabParentObject: {fileID: 0}
  m_PrefabInternal: {fileID: 100100000}
  m_GameObject: {fileID: 140236}
  m_Enabled: 1
  m_EditorHideFlags: 0
  m_Script: {fileID: -765806418, guid: f5f67c52d1564df4a8936ccd202a3bd8, type: 3}
  m_Name: 
  m_EditorClassIdentifier: 
  m_Material: {fileID: 0}
  m_Color: {r: 1, g: 1, b: 1, a: 0}
  m_Sprite: {fileID: 10907, guid: 0000000000000000f000000000000000, type: 0}
  m_Type: 1
  m_PreserveAspect: 0
  m_FillCenter: 1
  m_FillMethod: 4
  m_FillAmount: 1
  m_FillClockwise: 1
  m_FillOrigin: 0
--- !u!212 &21281108
SpriteRenderer:
  m_ObjectHideFlags: 1
  m_PrefabParentObject: {fileID: 0}
  m_PrefabInternal: {fileID: 100100000}
  m_GameObject: {fileID: 187774}
  m_Enabled: 1
  m_CastShadows: 0
  m_ReceiveShadows: 0
  m_Materials:
  - {fileID: 10754, guid: 0000000000000000e000000000000000, type: 0}
  m_SubsetIndices: 
  m_StaticBatchRoot: {fileID: 0}
  m_UseLightProbes: 1
  m_ReflectionProbeUsage: 1
  m_ProbeAnchor: {fileID: 0}
  m_ScaleInLightmap: 1
  m_PreserveUVs: 0
  m_ImportantGI: 0
  m_AutoUVMaxDistance: .5
  m_AutoUVMaxAngle: 89
  m_LightmapParameters: {fileID: 0}
  m_SortingLayerID: -1039638775
  m_SortingOrder: 5
  m_Sprite: {fileID: 21300000, guid: 67d74b4f356eda349b8dd5d09648c09b, type: 3}
  m_Color: {r: 1, g: 1, b: 1, a: 1}
--- !u!212 &21290150
SpriteRenderer:
  m_ObjectHideFlags: 1
  m_PrefabParentObject: {fileID: 0}
  m_PrefabInternal: {fileID: 100100000}
  m_GameObject: {fileID: 166358}
  m_Enabled: 1
  m_CastShadows: 0
  m_ReceiveShadows: 0
  m_Materials:
  - {fileID: 10754, guid: 0000000000000000e000000000000000, type: 0}
  m_SubsetIndices: 
  m_StaticBatchRoot: {fileID: 0}
  m_UseLightProbes: 1
  m_ReflectionProbeUsage: 1
  m_ProbeAnchor: {fileID: 0}
  m_ScaleInLightmap: 1
  m_PreserveUVs: 0
  m_ImportantGI: 0
  m_AutoUVMaxDistance: .5
  m_AutoUVMaxAngle: 89
  m_LightmapParameters: {fileID: 0}
  m_SortingLayerID: -1039638775
  m_SortingOrder: 0
  m_Sprite: {fileID: 21300000, guid: 3242ae26d2dbf2146923f227b1814e24, type: 3}
  m_Color: {r: 1, g: 1, b: 1, a: 1}
--- !u!222 &22242818
CanvasRenderer:
  m_ObjectHideFlags: 1
  m_PrefabParentObject: {fileID: 0}
  m_PrefabInternal: {fileID: 100100000}
  m_GameObject: {fileID: 172612}
--- !u!222 &22266108
CanvasRenderer:
  m_ObjectHideFlags: 1
  m_PrefabParentObject: {fileID: 0}
  m_PrefabInternal: {fileID: 100100000}
  m_GameObject: {fileID: 140236}
--- !u!223 &22308328
Canvas:
  m_ObjectHideFlags: 1
  m_PrefabParentObject: {fileID: 0}
  m_PrefabInternal: {fileID: 100100000}
  m_GameObject: {fileID: 138814}
  m_Enabled: 1
  serializedVersion: 2
  m_RenderMode: 1
  m_Camera: {fileID: 0}
  m_PlaneDistance: 10
  m_PixelPerfect: 0
  m_ReceivesEvents: 1
  m_OverrideSorting: 0
  m_OverridePixelPerfect: 0
  m_SortingLayerID: -1039638775
  m_SortingOrder: 0
--- !u!224 &22423038
RectTransform:
  m_ObjectHideFlags: 1
  m_PrefabParentObject: {fileID: 0}
  m_PrefabInternal: {fileID: 100100000}
  m_GameObject: {fileID: 140236}
  m_LocalRotation: {x: 0, y: 0, z: 0, w: 1}
  m_LocalPosition: {x: 0, y: 0, z: 0}
  m_LocalScale: {x: 1, y: 1, z: 1}
  m_Children:
  - {fileID: 22433914}
  m_Father: {fileID: 22453136}
  m_RootOrder: 0
  m_AnchorMin: {x: .5, y: .5}
  m_AnchorMax: {x: .5, y: .5}
  m_AnchoredPosition: {x: 0, y: 0}
  m_SizeDelta: {x: 1920, y: 3070}
  m_Pivot: {x: .5, y: .5}
--- !u!224 &22433914
RectTransform:
  m_ObjectHideFlags: 1
  m_PrefabParentObject: {fileID: 0}
  m_PrefabInternal: {fileID: 100100000}
  m_GameObject: {fileID: 172612}
  m_LocalRotation: {x: 0, y: 0, z: .707106829, w: .707106709}
  m_LocalPosition: {x: 0, y: 0, z: 0}
  m_LocalScale: {x: 31.6800003, y: 26.559845, z: .98999995}
  m_Children: []
  m_Father: {fileID: 22423038}
  m_RootOrder: 0
  m_AnchorMin: {x: .255206913, y: .094844833}
  m_AnchorMax: {x: .400000006, y: .228379339}
  m_AnchoredPosition: {x: -8277.94824, y: -20301.416}
  m_SizeDelta: {x: -1.90000153, y: -30.5}
  m_Pivot: {x: .0500000007, y: .5}
--- !u!224 &22453136
RectTransform:
  m_ObjectHideFlags: 1
  m_PrefabParentObject: {fileID: 0}
  m_PrefabInternal: {fileID: 100100000}
  m_GameObject: {fileID: 138814}
  m_LocalRotation: {x: 0, y: 0, z: 0, w: 1}
  m_LocalPosition: {x: 0, y: 0, z: 0}
  m_LocalScale: {x: 0, y: 0, z: 0}
  m_Children:
  - {fileID: 22423038}
  m_Father: {fileID: 432884}
  m_RootOrder: 2
  m_AnchorMin: {x: 0, y: 0}
  m_AnchorMax: {x: 0, y: 0}
  m_AnchoredPosition: {x: 0, y: 0}
  m_SizeDelta: {x: 0, y: 0}
  m_Pivot: {x: 0, y: 0}
--- !u!1001 &100100000
Prefab:
  m_ObjectHideFlags: 1
  serializedVersion: 2
  m_Modification:
    m_TransformParent: {fileID: 0}
    m_Modifications: []
    m_RemovedComponents: []
  m_ParentPrefab: {fileID: 0}
  m_RootGameObject: {fileID: 166358}
  m_IsPrefabParent: 1
