%YAML 1.1
%TAG !u! tag:unity3d.com,2011:
--- !u!1 &149438
GameObject:
  m_ObjectHideFlags: 0
  m_PrefabParentObject: {fileID: 0}
  m_PrefabInternal: {fileID: 100100000}
  serializedVersion: 4
  m_Component:
  - 4: {fileID: 431136}
  - 212: {fileID: 21213728}
  - 50: {fileID: 5013080}
  - 234: {fileID: 23496860}
  - 249: {fileID: 24957056}
  - 61: {fileID: 6158494}
  m_Layer: 0
  m_Name: Magnet
  m_TagString: Untagged
  m_Icon: {fileID: 0}
  m_NavMeshLayer: 0
  m_StaticEditorFlags: 0
  m_IsActive: 1
--- !u!4 &431136
Transform:
  m_ObjectHideFlags: 1
  m_PrefabParentObject: {fileID: 0}
  m_PrefabInternal: {fileID: 100100000}
  m_GameObject: {fileID: 149438}
  m_LocalRotation: {x: 0, y: 0, z: 0, w: 1}
  m_LocalPosition: {x: -2.55999994, y: 4.28000021, z: 0}
  m_LocalScale: {x: .0877302289, y: .0877302289, z: .0877302289}
  m_Children: []
  m_Father: {fileID: 0}
  m_RootOrder: 0
--- !u!50 &5013080
Rigidbody2D:
  m_ObjectHideFlags: 1
  m_PrefabParentObject: {fileID: 0}
  m_PrefabInternal: {fileID: 100100000}
  m_GameObject: {fileID: 149438}
  m_Mass: 1
  m_LinearDrag: 0
  m_AngularDrag: .0500000007
  m_GravityScale: 1
  m_FixedAngle: 0
  m_IsKinematic: 0
  m_Interpolate: 0
  m_SleepingMode: 1
  m_CollisionDetection: 0
--- !u!61 &6158494
BoxCollider2D:
  m_ObjectHideFlags: 1
  m_PrefabParentObject: {fileID: 0}
  m_PrefabInternal: {fileID: 100100000}
  m_GameObject: {fileID: 149438}
  m_Enabled: 1
  m_Material: {fileID: 0}
  m_IsTrigger: 1
  m_UsedByEffector: 1
  m_Offset: {x: 0, y: -29.6030903}
  serializedVersion: 2
  m_Size: {x: 7.4000001, y: 49.2549057}
--- !u!212 &21213728
SpriteRenderer:
  m_ObjectHideFlags: 1
  m_PrefabParentObject: {fileID: 0}
  m_PrefabInternal: {fileID: 100100000}
  m_GameObject: {fileID: 149438}
  m_Enabled: 1
  m_CastShadows: 0
  m_ReceiveShadows: 0
  m_Materials:
  - {fileID: 10754, guid: 0000000000000000e000000000000000, type: 0}
  m_SubsetIndices: 
  m_StaticBatchRoot: {fileID: 0}
  m_UseLightProbes: 1
  m_ReflectionProbeUsage: 1
  m_ProbeAnchor: {fileID: 0}
  m_ScaleInLightmap: 1
  m_PreserveUVs: 0
  m_ImportantGI: 0
  m_AutoUVMaxDistance: .5
  m_AutoUVMaxAngle: 89
  m_LightmapParameters: {fileID: 0}
  m_SortingLayerID: 0
  m_SortingOrder: 0
  m_Sprite: {fileID: 21300000, guid: 899922ac73b59cd49a58adeb1c95c3d3, type: 3}
  m_Color: {r: 1, g: 1, b: 1, a: 1}
--- !u!234 &23496860
SliderJoint2D:
  m_ObjectHideFlags: 1
  m_PrefabParentObject: {fileID: 0}
  m_PrefabInternal: {fileID: 100100000}
  m_GameObject: {fileID: 149438}
  m_Enabled: 1
  m_EnableCollision: 1
  m_ConnectedRigidBody: {fileID: 0}
  m_Anchor: {x: 0, y: 5.4000001}
  m_ConnectedAnchor: {x: -24.031517, y: -.183589071}
  serializedVersion: 2
  m_Angle: 0
  m_UseMotor: 1
  m_Motor:
    m_MotorSpeed: -20
    m_MaximumMotorForce: 10000
  m_UseLimits: 1
  m_TranslationLimits:
    m_LowerTranslation: -5.19999981
    m_UpperTranslation: 0
--- !u!249 &24957056
AreaEffector2D:
  serializedVersion: 2
  m_ObjectHideFlags: 1
  m_PrefabParentObject: {fileID: 0}
  m_PrefabInternal: {fileID: 100100000}
  m_GameObject: {fileID: 149438}
  m_Enabled: 1
  m_UseColliderMask: 1
  m_ColliderMask:
    serializedVersion: 2
    m_Bits: 4294967295
  m_UseGlobalAngle: 0
  m_ForceAngle: 0
  m_ForceMagnitude: 20
  m_ForceVariation: 0
  m_Drag: 0
  m_AngularDrag: 0
  m_ForceTarget: 0
--- !u!1001 &100100000
Prefab:
  m_ObjectHideFlags: 1
  serializedVersion: 2
  m_Modification:
    m_TransformParent: {fileID: 0}
    m_Modifications: []
    m_RemovedComponents: []
  m_ParentPrefab: {fileID: 0}
  m_RootGameObject: {fileID: 149438}
  m_IsPrefabParent: 1
