%YAML 1.1
%TAG !u! tag:unity3d.com,2011:
--- !u!1 &114876
GameObject:
  m_ObjectHideFlags: 0
  m_PrefabParentObject: {fileID: 0}
  m_PrefabInternal: {fileID: 100100000}
  serializedVersion: 4
  m_Component:
  - 4: {fileID: 452286}
  - 212: {fileID: 21238476}
  - 50: {fileID: 5020096}
  - 58: {fileID: 5863444}
  - 235: {fileID: 23559260}
  m_Layer: 0
  m_Name: BackWheel
  m_TagString: Untagged
  m_Icon: {fileID: 0}
  m_NavMeshLayer: 0
  m_StaticEditorFlags: 0
  m_IsActive: 1
--- !u!1 &160528
GameObject:
  m_ObjectHideFlags: 0
  m_PrefabParentObject: {fileID: 0}
  m_PrefabInternal: {fileID: 100100000}
  serializedVersion: 4
  m_Component:
  - 4: {fileID: 420956}
  - 212: {fileID: 21256418}
  - 50: {fileID: 5036810}
  - 60: {fileID: 6051330}
  m_Layer: 0
  m_Name: SkateBoard
  m_TagString: Untagged
  m_Icon: {fileID: 0}
  m_NavMeshLayer: 0
  m_StaticEditorFlags: 0
  m_IsActive: 1
--- !u!1 &169778
GameObject:
  m_ObjectHideFlags: 0
  m_PrefabParentObject: {fileID: 0}
  m_PrefabInternal: {fileID: 100100000}
  serializedVersion: 4
  m_Component:
  - 4: {fileID: 413956}
  - 212: {fileID: 21241472}
  - 50: {fileID: 5028070}
  - 58: {fileID: 5804154}
  - 235: {fileID: 23512740}
  m_Layer: 0
  m_Name: FrontWheel
  m_TagString: Untagged
  m_Icon: {fileID: 0}
  m_NavMeshLayer: 0
  m_StaticEditorFlags: 0
  m_IsActive: 1
--- !u!4 &413956
Transform:
  m_ObjectHideFlags: 1
  m_PrefabParentObject: {fileID: 0}
  m_PrefabInternal: {fileID: 100100000}
  m_GameObject: {fileID: 169778}
  m_LocalRotation: {x: 0, y: 0, z: 0, w: 1}
  m_LocalPosition: {x: 6.51999998, y: -2.53999996, z: 0}
  m_LocalScale: {x: 1, y: 1, z: 1}
  m_Children: []
  m_Father: {fileID: 420956}
  m_RootOrder: 0
--- !u!4 &420956
Transform:
  m_ObjectHideFlags: 1
  m_PrefabParentObject: {fileID: 0}
  m_PrefabInternal: {fileID: 100100000}
  m_GameObject: {fileID: 160528}
  m_LocalRotation: {x: 0, y: 0, z: 0, w: 1}
  m_LocalPosition: {x: -67.4700012, y: 21.9599991, z: 0}
  m_LocalScale: {x: .0399999991, y: .0399999991, z: 1}
  m_Children:
  - {fileID: 413956}
  - {fileID: 452286}
  m_Father: {fileID: 0}
  m_RootOrder: 0
--- !u!4 &452286
Transform:
  m_ObjectHideFlags: 1
  m_PrefabParentObject: {fileID: 0}
  m_PrefabInternal: {fileID: 100100000}
  m_GameObject: {fileID: 114876}
  m_LocalRotation: {x: 0, y: 0, z: 0, w: 1}
  m_LocalPosition: {x: -6.09000015, y: -2.57999992, z: 0}
  m_LocalScale: {x: 1, y: 1, z: 1}
  m_Children: []
  m_Father: {fileID: 420956}
  m_RootOrder: 1
--- !u!50 &5020096
Rigidbody2D:
  m_ObjectHideFlags: 1
  m_PrefabParentObject: {fileID: 0}
  m_PrefabInternal: {fileID: 100100000}
  m_GameObject: {fileID: 114876}
  m_Mass: .5
  m_LinearDrag: 0
  m_AngularDrag: .200000003
  m_GravityScale: 1
  m_FixedAngle: 0
  m_IsKinematic: 0
  m_Interpolate: 1
  m_SleepingMode: 1
  m_CollisionDetection: 0
--- !u!50 &5028070
Rigidbody2D:
  m_ObjectHideFlags: 1
  m_PrefabParentObject: {fileID: 0}
  m_PrefabInternal: {fileID: 100100000}
  m_GameObject: {fileID: 169778}
  m_Mass: .5
  m_LinearDrag: 0
  m_AngularDrag: .200000003
  m_GravityScale: 1
  m_FixedAngle: 0
  m_IsKinematic: 0
  m_Interpolate: 1
  m_SleepingMode: 1
  m_CollisionDetection: 0
--- !u!50 &5036810
Rigidbody2D:
  m_ObjectHideFlags: 1
  m_PrefabParentObject: {fileID: 0}
  m_PrefabInternal: {fileID: 100100000}
  m_GameObject: {fileID: 160528}
  m_Mass: .800000012
  m_LinearDrag: 0
  m_AngularDrag: .0500000007
  m_GravityScale: 1
  m_FixedAngle: 0
  m_IsKinematic: 0
  m_Interpolate: 1
  m_SleepingMode: 1
  m_CollisionDetection: 1
--- !u!58 &5804154
CircleCollider2D:
  m_ObjectHideFlags: 1
  m_PrefabParentObject: {fileID: 0}
  m_PrefabInternal: {fileID: 100100000}
  m_GameObject: {fileID: 169778}
  m_Enabled: 1
  m_Material: {fileID: 6200000, guid: d464671020a604ebf97d9b6c637b9c49, type: 2}
  m_IsTrigger: 0
  m_UsedByEffector: 0
  m_Offset: {x: 0, y: 0}
  serializedVersion: 2
  m_Radius: 1.38
--- !u!58 &5863444
CircleCollider2D:
  m_ObjectHideFlags: 1
  m_PrefabParentObject: {fileID: 0}
  m_PrefabInternal: {fileID: 100100000}
  m_GameObject: {fileID: 114876}
  m_Enabled: 1
  m_Material: {fileID: 6200000, guid: d464671020a604ebf97d9b6c637b9c49, type: 2}
  m_IsTrigger: 0
  m_UsedByEffector: 0
  m_Offset: {x: 0, y: 0}
  serializedVersion: 2
  m_Radius: 1.38
--- !u!60 &6051330
PolygonCollider2D:
  m_ObjectHideFlags: 1
  m_PrefabParentObject: {fileID: 0}
  m_PrefabInternal: {fileID: 100100000}
  m_GameObject: {fileID: 160528}
  m_Enabled: 1
  m_Material: {fileID: 0}
  m_IsTrigger: 0
  m_UsedByEffector: 0
  m_Offset: {x: 0, y: 0}
  m_Points:
    m_Paths:
    - - {x: 5.15363169, y: -1.45446932}
      - {x: 5.26815653, y: -1.82094979}
      - {x: 5.42849159, y: -2.00418997}
      - {x: 5.52011204, y: -2.05000019}
      - {x: 7.39832449, y: -2.05000019}
      - {x: 7.46703959, y: -2.02709508}
      - {x: 7.60446978, y: -1.93547487}
      - {x: 7.71899462, y: -1.72932971}
      - {x: 7.81061459, y: -1.40865922}
      - {x: 8.42905045, y: -1.40865922}
      - {x: 8.95586586, y: -1.38575423}
      - {x: 9.39106178, y: -1.36284924}
      - {x: 9.66592216, y: -1.33994412}
      - {x: 10.1698332, y: -1.29413414}
      - {x: 10.6508379, y: -1.22541904}
      - {x: 11.0173187, y: -1.15670395}
      - {x: 11.2005587, y: -1.13379896}
      - {x: 11.5212297, y: -.973463714}
      - {x: 11.7044697, y: -.790223479}
      - {x: 11.7044697, y: .446648061}
      - {x: 11.5441341, y: .606983244}
      - {x: 11.4983244, y: .67569834}
      - {x: 11.0860338, y: .836033523}
      - {x: 10.7424583, y: .881843626}
      - {x: 10.4446936, y: .92765367}
      - {x: 10.0782127, y: .973463714}
      - {x: 9.23072624, y: 1.04217875}
      - {x: 8.77262592, y: 1.06508386}
      - {x: 8.17709541, y: 1.08798885}
      - {x: 7.37541914, y: 1.11089385}
      - {x: 5.15363169, y: 1.11089385}
      - {x: 5.13072634, y: 1.13379896}
      - {x: -6.55083799, y: 1.13379896}
      - {x: -6.57374334, y: 1.15670395}
      - {x: -8.77262592, y: 1.56899452}
      - {x: -9.59720707, y: 1.77513969}
      - {x: -10.4217882, y: 2.05000019}
      - {x: -11.1089392, y: 2.05000019}
      - {x: -11.3837996, y: 1.88966489}
      - {x: -11.5670395, y: 1.66061461}
      - {x: -11.6586599, y: 1.52318442}
      - {x: -11.7044697, y: 1.40865922}
      - {x: -11.7044697, y: .148882687}
      - {x: -11.6128492, y: -.0114525147}
      - {x: -11.3150845, y: -.240502805}
      - {x: -10.4446936, y: -.584078252}
      - {x: -9.78044701, y: -.767318487}
      - {x: -8.4061451, y: -1.17960894}
      - {x: -7.35251427, y: -1.40865922}
      - {x: -7.2608943, y: -1.77513969}
      - {x: -7.03184366, y: -2.05000019}
      - {x: -5.10782146, y: -2.05000019}
      - {x: -4.99329615, y: -2.00418997}
      - {x: -4.85586596, y: -1.8667599}
      - {x: -4.69553089, y: -1.47737432}
--- !u!212 &21238476
SpriteRenderer:
  m_ObjectHideFlags: 1
  m_PrefabParentObject: {fileID: 0}
  m_PrefabInternal: {fileID: 100100000}
  m_GameObject: {fileID: 114876}
  m_Enabled: 1
  m_CastShadows: 0
  m_ReceiveShadows: 0
  m_Materials:
  - {fileID: 10754, guid: 0000000000000000e000000000000000, type: 0}
  m_SubsetIndices: 
  m_StaticBatchRoot: {fileID: 0}
  m_UseLightProbes: 1
  m_ReflectionProbeUsage: 1
  m_ProbeAnchor: {fileID: 0}
  m_ScaleInLightmap: 1
  m_PreserveUVs: 0
  m_ImportantGI: 0
  m_AutoUVMaxDistance: .5
  m_AutoUVMaxAngle: 89
  m_LightmapParameters: {fileID: 0}
  m_SortingLayerID: 0
  m_SortingOrder: 1
  m_Sprite: {fileID: 21300000, guid: 1c4ed47287845ec42870e1e64aaa195c, type: 3}
  m_Color: {r: 1, g: 1, b: 1, a: 1}
--- !u!212 &21241472
SpriteRenderer:
  m_ObjectHideFlags: 1
  m_PrefabParentObject: {fileID: 0}
  m_PrefabInternal: {fileID: 100100000}
  m_GameObject: {fileID: 169778}
  m_Enabled: 1
  m_CastShadows: 0
  m_ReceiveShadows: 0
  m_Materials:
  - {fileID: 10754, guid: 0000000000000000e000000000000000, type: 0}
  m_SubsetIndices: 
  m_StaticBatchRoot: {fileID: 0}
  m_UseLightProbes: 1
  m_ReflectionProbeUsage: 1
  m_ProbeAnchor: {fileID: 0}
  m_ScaleInLightmap: 1
  m_PreserveUVs: 0
  m_ImportantGI: 0
  m_AutoUVMaxDistance: .5
  m_AutoUVMaxAngle: 89
  m_LightmapParameters: {fileID: 0}
  m_SortingLayerID: 0
  m_SortingOrder: 1
  m_Sprite: {fileID: 21300000, guid: 1c4ed47287845ec42870e1e64aaa195c, type: 3}
  m_Color: {r: 1, g: 1, b: 1, a: 1}
--- !u!212 &21256418
SpriteRenderer:
  m_ObjectHideFlags: 1
  m_PrefabParentObject: {fileID: 0}
  m_PrefabInternal: {fileID: 100100000}
  m_GameObject: {fileID: 160528}
  m_Enabled: 1
  m_CastShadows: 0
  m_ReceiveShadows: 0
  m_Materials:
  - {fileID: 10754, guid: 0000000000000000e000000000000000, type: 0}
  m_SubsetIndices: 
  m_StaticBatchRoot: {fileID: 0}
  m_UseLightProbes: 1
  m_ReflectionProbeUsage: 1
  m_ProbeAnchor: {fileID: 0}
  m_ScaleInLightmap: 1
  m_PreserveUVs: 0
  m_ImportantGI: 0
  m_AutoUVMaxDistance: .5
  m_AutoUVMaxAngle: 89
  m_LightmapParameters: {fileID: 0}
  m_SortingLayerID: 1674611439
  m_SortingOrder: 0
  m_Sprite: {fileID: 21300000, guid: 674cad97200816442a06d0c9bfa2cf36, type: 3}
  m_Color: {r: 1, g: 1, b: 1, a: 1}
--- !u!235 &23512740
WheelJoint2D:
  m_ObjectHideFlags: 1
  m_PrefabParentObject: {fileID: 0}
  m_PrefabInternal: {fileID: 100100000}
  m_GameObject: {fileID: 169778}
  m_Enabled: 1
  m_EnableCollision: 0
  m_ConnectedRigidBody: {fileID: 5036810}
  m_Anchor: {x: 0, y: 0}
  m_ConnectedAnchor: {x: 6.52000046, y: -2.54000092}
  m_Suspension:
    serializedVersion: 2
    m_DampingRatio: 1
    m_Frequency: 200
    m_Angle: 90
  m_UseMotor: 0
  m_Motor:
    m_MotorSpeed: 0
    m_MaximumMotorForce: 10000
--- !u!235 &23559260
WheelJoint2D:
  m_ObjectHideFlags: 1
  m_PrefabParentObject: {fileID: 0}
  m_PrefabInternal: {fileID: 100100000}
  m_GameObject: {fileID: 114876}
  m_Enabled: 1
  m_EnableCollision: 0
  m_ConnectedRigidBody: {fileID: 5036810}
  m_Anchor: {x: 0, y: 0}
  m_ConnectedAnchor: {x: -6.08999634, y: -2.57999992}
  m_Suspension:
    serializedVersion: 2
    m_DampingRatio: 1
    m_Frequency: 200
    m_Angle: 90
  m_UseMotor: 0
  m_Motor:
    m_MotorSpeed: 0
    m_MaximumMotorForce: 10000
--- !u!1001 &100100000
Prefab:
  m_ObjectHideFlags: 1
  serializedVersion: 2
  m_Modification:
    m_TransformParent: {fileID: 0}
    m_Modifications: []
    m_RemovedComponents: []
  m_ParentPrefab: {fileID: 0}
  m_RootGameObject: {fileID: 160528}
  m_IsPrefabParent: 1
