%YAML 1.1
%TAG !u! tag:unity3d.com,2011:
--- !u!29 &1
SceneSettings:
  m_ObjectHideFlags: 0
  m_PVSData: 
  m_PVSObjectsArray: []
  m_PVSPortalsArray: []
  m_OcclusionBakeSettings:
    smallestOccluder: 5
    smallestHole: .25
    backfaceThreshold: 100
--- !u!104 &2
RenderSettings:
  m_ObjectHideFlags: 0
  serializedVersion: 6
  m_Fog: 0
  m_FogColor: {r: .5, g: .5, b: .5, a: 1}
  m_FogMode: 3
  m_FogDensity: .00999999978
  m_LinearFogStart: 0
  m_LinearFogEnd: 300
  m_AmbientSkyColor: {r: .211999997, g: .226999998, b: .259000003, a: 1}
  m_AmbientEquatorColor: {r: .114, g: .125, b: .133000001, a: 1}
  m_AmbientGroundColor: {r: .0469999984, g: .0430000015, b: .0350000001, a: 1}
  m_AmbientIntensity: 1
  m_AmbientMode: 3
  m_SkyboxMaterial: {fileID: 0}
  m_HaloStrength: .5
  m_FlareStrength: 1
  m_FlareFadeSpeed: 3
  m_HaloTexture: {fileID: 0}
  m_SpotCookie: {fileID: 10001, guid: 0000000000000000e000000000000000, type: 0}
  m_DefaultReflectionMode: 0
  m_DefaultReflectionResolution: 128
  m_ReflectionBounces: 1
  m_ReflectionIntensity: 1
  m_CustomReflection: {fileID: 0}
  m_Sun: {fileID: 0}
--- !u!127 &3
LevelGameManager:
  m_ObjectHideFlags: 0
--- !u!157 &4
LightmapSettings:
  m_ObjectHideFlags: 0
  serializedVersion: 5
  m_GIWorkflowMode: 0
  m_LightmapsMode: 1
  m_GISettings:
    serializedVersion: 2
    m_BounceScale: 1
    m_IndirectOutputScale: 1
    m_AlbedoBoost: 1
    m_TemporalCoherenceThreshold: 1
    m_EnvironmentLightingMode: 0
    m_EnableBakedLightmaps: 0
    m_EnableRealtimeLightmaps: 0
  m_LightmapEditorSettings:
    serializedVersion: 3
    m_Resolution: 2
    m_BakeResolution: 40
    m_TextureWidth: 1024
    m_TextureHeight: 1024
    m_AOMaxDistance: 1
    m_Padding: 2
    m_CompAOExponent: 0
    m_LightmapParameters: {fileID: 0}
    m_TextureCompression: 1
    m_FinalGather: 0
    m_FinalGatherRayCount: 1024
  m_LightmapSnapshot: {fileID: 0}
  m_RuntimeCPUUsage: 25
--- !u!196 &5
NavMeshSettings:
  serializedVersion: 2
  m_ObjectHideFlags: 0
  m_BuildSettings:
    serializedVersion: 2
    agentRadius: .5
    agentHeight: 2
    agentSlope: 45
    agentClimb: .400000006
    ledgeDropHeight: 0
    maxJumpAcrossDistance: 0
    accuratePlacement: 0
    minRegionArea: 2
    cellSize: .166666672
    manualCellSize: 0
  m_NavMeshData: {fileID: 0}
--- !u!1001 &118647994
Prefab:
  m_ObjectHideFlags: 0
  serializedVersion: 2
  m_Modification:
    m_TransformParent: {fileID: 0}
    m_Modifications:
    - target: {fileID: 490742, guid: b8d5e757ed1c44a18b518e0fd950d524, type: 2}
      propertyPath: m_LocalPosition.x
      value: 0
      objectReference: {fileID: 0}
    - target: {fileID: 490742, guid: b8d5e757ed1c44a18b518e0fd950d524, type: 2}
      propertyPath: m_LocalPosition.y
      value: 0
      objectReference: {fileID: 0}
    - target: {fileID: 490742, guid: b8d5e757ed1c44a18b518e0fd950d524, type: 2}
      propertyPath: m_LocalPosition.z
      value: 0
      objectReference: {fileID: 0}
    - target: {fileID: 490742, guid: b8d5e757ed1c44a18b518e0fd950d524, type: 2}
      propertyPath: m_LocalRotation.x
      value: 0
      objectReference: {fileID: 0}
    - target: {fileID: 490742, guid: b8d5e757ed1c44a18b518e0fd950d524, type: 2}
      propertyPath: m_LocalRotation.y
      value: 0
      objectReference: {fileID: 0}
    - target: {fileID: 490742, guid: b8d5e757ed1c44a18b518e0fd950d524, type: 2}
      propertyPath: m_LocalRotation.z
      value: 0
      objectReference: {fileID: 0}
    - target: {fileID: 490742, guid: b8d5e757ed1c44a18b518e0fd950d524, type: 2}
      propertyPath: m_LocalRotation.w
      value: 1
      objectReference: {fileID: 0}
    - target: {fileID: 490742, guid: b8d5e757ed1c44a18b518e0fd950d524, type: 2}
      propertyPath: m_RootOrder
      value: 5
      objectReference: {fileID: 0}
    m_RemovedComponents: []
  m_ParentPrefab: {fileID: 100100000, guid: b8d5e757ed1c44a18b518e0fd950d524, type: 2}
  m_IsPrefabParent: 0
--- !u!114 &118647995 stripped
MonoBehaviour:
  m_PrefabParentObject: {fileID: 11430370, guid: b8d5e757ed1c44a18b518e0fd950d524,
    type: 2}
  m_PrefabInternal: {fileID: 118647994}
  m_Script: {fileID: 11500000, guid: 091a4a34c3c704d28982d44e28a66f00, type: 3}
--- !u!1001 &394741250
Prefab:
  m_ObjectHideFlags: 0
  serializedVersion: 2
  m_Modification:
    m_TransformParent: {fileID: 508015521}
    m_Modifications:
    - target: {fileID: 493712, guid: 9878efe5381cc42ed8362cfdbb9ec334, type: 2}
      propertyPath: m_LocalPosition.x
      value: -.726626277
      objectReference: {fileID: 0}
    - target: {fileID: 493712, guid: 9878efe5381cc42ed8362cfdbb9ec334, type: 2}
      propertyPath: m_LocalPosition.y
      value: -.245476484
      objectReference: {fileID: 0}
    - target: {fileID: 493712, guid: 9878efe5381cc42ed8362cfdbb9ec334, type: 2}
      propertyPath: m_LocalPosition.z
      value: .0847698674
      objectReference: {fileID: 0}
    - target: {fileID: 493712, guid: 9878efe5381cc42ed8362cfdbb9ec334, type: 2}
      propertyPath: m_LocalRotation.x
      value: 0
      objectReference: {fileID: 0}
    - target: {fileID: 493712, guid: 9878efe5381cc42ed8362cfdbb9ec334, type: 2}
      propertyPath: m_LocalRotation.y
      value: 0
      objectReference: {fileID: 0}
    - target: {fileID: 493712, guid: 9878efe5381cc42ed8362cfdbb9ec334, type: 2}
      propertyPath: m_LocalRotation.z
      value: 0
      objectReference: {fileID: 0}
    - target: {fileID: 493712, guid: 9878efe5381cc42ed8362cfdbb9ec334, type: 2}
      propertyPath: m_LocalRotation.w
      value: 1
      objectReference: {fileID: 0}
    - target: {fileID: 493712, guid: 9878efe5381cc42ed8362cfdbb9ec334, type: 2}
      propertyPath: m_RootOrder
      value: 0
      objectReference: {fileID: 0}
    - target: {fileID: 180986, guid: 9878efe5381cc42ed8362cfdbb9ec334, type: 2}
      propertyPath: m_Name
      value: Star (2)
      objectReference: {fileID: 0}
    m_RemovedComponents: []
  m_ParentPrefab: {fileID: 100100000, guid: 9878efe5381cc42ed8362cfdbb9ec334, type: 2}
  m_IsPrefabParent: 0
--- !u!4 &394741251 stripped
Transform:
  m_PrefabParentObject: {fileID: 493712, guid: 9878efe5381cc42ed8362cfdbb9ec334, type: 2}
  m_PrefabInternal: {fileID: 394741250}
--- !u!1 &508015520
GameObject:
  m_ObjectHideFlags: 0
  m_PrefabParentObject: {fileID: 0}
  m_PrefabInternal: {fileID: 0}
  serializedVersion: 4
  m_Component:
  - 4: {fileID: 508015521}
  m_Layer: 0
  m_Name: Collectables
  m_TagString: Untagged
  m_Icon: {fileID: 0}
  m_NavMeshLayer: 0
  m_StaticEditorFlags: 0
  m_IsActive: 1
--- !u!4 &508015521
Transform:
  m_ObjectHideFlags: 0
  m_PrefabParentObject: {fileID: 0}
  m_PrefabInternal: {fileID: 0}
  m_GameObject: {fileID: 508015520}
  m_LocalRotation: {x: 0, y: 0, z: 0, w: 1}
  m_LocalPosition: {x: .921501696, y: 4.40787792, z: 3.59021091}
  m_LocalScale: {x: 1, y: 1, z: 1}
  m_Children:
  - {fileID: 394741251}
  - {fileID: 1086254946}
  - {fileID: 1945510402}
  - {fileID: 1752934129}
  m_Father: {fileID: 1838428981}
  m_RootOrder: 0
--- !u!1001 &510626491
Prefab:
  m_ObjectHideFlags: 0
  serializedVersion: 2
  m_Modification:
    m_TransformParent: {fileID: 0}
    m_Modifications:
    - target: {fileID: 466444, guid: 4f96964cd48f34e65bfac33d7fa43201, type: 2}
      propertyPath: m_LocalPosition.x
      value: -.0599999987
      objectReference: {fileID: 0}
    - target: {fileID: 466444, guid: 4f96964cd48f34e65bfac33d7fa43201, type: 2}
      propertyPath: m_LocalPosition.y
      value: 0
      objectReference: {fileID: 0}
    - target: {fileID: 466444, guid: 4f96964cd48f34e65bfac33d7fa43201, type: 2}
      propertyPath: m_LocalPosition.z
      value: -4
      objectReference: {fileID: 0}
    - target: {fileID: 466444, guid: 4f96964cd48f34e65bfac33d7fa43201, type: 2}
      propertyPath: m_LocalRotation.x
      value: 0
      objectReference: {fileID: 0}
    - target: {fileID: 466444, guid: 4f96964cd48f34e65bfac33d7fa43201, type: 2}
      propertyPath: m_LocalRotation.y
      value: 0
      objectReference: {fileID: 0}
    - target: {fileID: 466444, guid: 4f96964cd48f34e65bfac33d7fa43201, type: 2}
      propertyPath: m_LocalRotation.z
      value: 0
      objectReference: {fileID: 0}
    - target: {fileID: 466444, guid: 4f96964cd48f34e65bfac33d7fa43201, type: 2}
      propertyPath: m_LocalRotation.w
      value: 1
      objectReference: {fileID: 0}
    - target: {fileID: 466444, guid: 4f96964cd48f34e65bfac33d7fa43201, type: 2}
      propertyPath: m_RootOrder
      value: 4
      objectReference: {fileID: 0}
    - target: {fileID: 163448, guid: 4f96964cd48f34e65bfac33d7fa43201, type: 2}
      propertyPath: m_IsActive
      value: 0
      objectReference: {fileID: 0}
    m_RemovedComponents: []
  m_ParentPrefab: {fileID: 100100000, guid: 4f96964cd48f34e65bfac33d7fa43201, type: 2}
  m_IsPrefabParent: 0
--- !u!224 &544953686 stripped
RectTransform:
  m_PrefabParentObject: {fileID: 22456570, guid: c9144dc6ac1474718a869ea2d473ae67,
    type: 2}
  m_PrefabInternal: {fileID: 2081882926}
--- !u!1001 &620139902
Prefab:
  m_ObjectHideFlags: 0
  serializedVersion: 2
  m_Modification:
    m_TransformParent: {fileID: 1838428981}
    m_Modifications:
    - target: {fileID: 482780, guid: 135bef99efdef4379a539293587f61e5, type: 2}
      propertyPath: m_LocalPosition.x
      value: -2.68512464
      objectReference: {fileID: 0}
    - target: {fileID: 482780, guid: 135bef99efdef4379a539293587f61e5, type: 2}
      propertyPath: m_LocalPosition.y
      value: 3.2424016
      objectReference: {fileID: 0}
    - target: {fileID: 482780, guid: 135bef99efdef4379a539293587f61e5, type: 2}
      propertyPath: m_LocalPosition.z
      value: 3.76359224
      objectReference: {fileID: 0}
    - target: {fileID: 482780, guid: 135bef99efdef4379a539293587f61e5, type: 2}
      propertyPath: m_LocalRotation.x
      value: 0
      objectReference: {fileID: 0}
    - target: {fileID: 482780, guid: 135bef99efdef4379a539293587f61e5, type: 2}
      propertyPath: m_LocalRotation.y
      value: 0
      objectReference: {fileID: 0}
    - target: {fileID: 482780, guid: 135bef99efdef4379a539293587f61e5, type: 2}
      propertyPath: m_LocalRotation.z
      value: .707106829
      objectReference: {fileID: 0}
    - target: {fileID: 482780, guid: 135bef99efdef4379a539293587f61e5, type: 2}
      propertyPath: m_LocalRotation.w
      value: .707106709
      objectReference: {fileID: 0}
    - target: {fileID: 482780, guid: 135bef99efdef4379a539293587f61e5, type: 2}
      propertyPath: m_RootOrder
      value: 3
      objectReference: {fileID: 0}
    - target: {fileID: 23378664, guid: 135bef99efdef4379a539293587f61e5, type: 2}
      propertyPath: m_ConnectedAnchor.x
      value: -2.88000011
      objectReference: {fileID: 0}
    - target: {fileID: 23378664, guid: 135bef99efdef4379a539293587f61e5, type: 2}
      propertyPath: m_ConnectedAnchor.y
      value: .0799999982
      objectReference: {fileID: 0}
    - target: {fileID: 24933016, guid: 135bef99efdef4379a539293587f61e5, type: 2}
      propertyPath: m_ForceAngle
      value: 0
      objectReference: {fileID: 0}
    m_RemovedComponents: []
  m_ParentPrefab: {fileID: 100100000, guid: 135bef99efdef4379a539293587f61e5, type: 2}
  m_IsPrefabParent: 0
--- !u!4 &620139903 stripped
Transform:
  m_PrefabParentObject: {fileID: 482780, guid: 135bef99efdef4379a539293587f61e5, type: 2}
  m_PrefabInternal: {fileID: 620139902}
--- !u!1001 &745113817
Prefab:
  m_ObjectHideFlags: 0
  serializedVersion: 2
  m_Modification:
    m_TransformParent: {fileID: 1838428981}
    m_Modifications:
    - target: {fileID: 435774, guid: 81855e67eeb1d4c7faa2b99ad2a6c667, type: 2}
      propertyPath: m_LocalPosition.x
      value: .194875419
      objectReference: {fileID: 0}
    - target: {fileID: 435774, guid: 81855e67eeb1d4c7faa2b99ad2a6c667, type: 2}
      propertyPath: m_LocalPosition.y
      value: 6.16240168
      objectReference: {fileID: 0}
    - target: {fileID: 435774, guid: 81855e67eeb1d4c7faa2b99ad2a6c667, type: 2}
      propertyPath: m_LocalPosition.z
      value: 3.67498088
      objectReference: {fileID: 0}
    - target: {fileID: 435774, guid: 81855e67eeb1d4c7faa2b99ad2a6c667, type: 2}
      propertyPath: m_LocalRotation.x
      value: 0
      objectReference: {fileID: 0}
    - target: {fileID: 435774, guid: 81855e67eeb1d4c7faa2b99ad2a6c667, type: 2}
      propertyPath: m_LocalRotation.y
      value: 0
      objectReference: {fileID: 0}
    - target: {fileID: 435774, guid: 81855e67eeb1d4c7faa2b99ad2a6c667, type: 2}
      propertyPath: m_LocalRotation.z
      value: 0
      objectReference: {fileID: 0}
    - target: {fileID: 435774, guid: 81855e67eeb1d4c7faa2b99ad2a6c667, type: 2}
      propertyPath: m_LocalRotation.w
      value: 1
      objectReference: {fileID: 0}
    - target: {fileID: 435774, guid: 81855e67eeb1d4c7faa2b99ad2a6c667, type: 2}
      propertyPath: m_RootOrder
      value: 2
      objectReference: {fileID: 0}
    m_RemovedComponents: []
  m_ParentPrefab: {fileID: 100100000, guid: 81855e67eeb1d4c7faa2b99ad2a6c667, type: 2}
  m_IsPrefabParent: 0
--- !u!4 &745113818 stripped
Transform:
  m_PrefabParentObject: {fileID: 435774, guid: 81855e67eeb1d4c7faa2b99ad2a6c667, type: 2}
  m_PrefabInternal: {fileID: 745113817}
--- !u!1 &746529450
GameObject:
  m_ObjectHideFlags: 0
  m_PrefabParentObject: {fileID: 0}
  m_PrefabInternal: {fileID: 0}
  serializedVersion: 4
  m_Component:
  - 4: {fileID: 746529454}
  - 114: {fileID: 746529453}
  - 114: {fileID: 746529452}
  - 114: {fileID: 746529451}
  m_Layer: 0
  m_Name: EventSystem
  m_TagString: Untagged
  m_Icon: {fileID: 0}
  m_NavMeshLayer: 0
  m_StaticEditorFlags: 0
  m_IsActive: 1
--- !u!114 &746529451
MonoBehaviour:
  m_ObjectHideFlags: 0
  m_PrefabParentObject: {fileID: 0}
  m_PrefabInternal: {fileID: 0}
  m_GameObject: {fileID: 746529450}
  m_Enabled: 1
  m_EditorHideFlags: 0
  m_Script: {fileID: 1997211142, guid: f5f67c52d1564df4a8936ccd202a3bd8, type: 3}
  m_Name: 
  m_EditorClassIdentifier: 
  m_AllowActivationOnStandalone: 0
--- !u!114 &746529452
MonoBehaviour:
  m_ObjectHideFlags: 0
  m_PrefabParentObject: {fileID: 0}
  m_PrefabInternal: {fileID: 0}
  m_GameObject: {fileID: 746529450}
  m_Enabled: 1
  m_EditorHideFlags: 0
  m_Script: {fileID: 1077351063, guid: f5f67c52d1564df4a8936ccd202a3bd8, type: 3}
  m_Name: 
  m_EditorClassIdentifier: 
  m_HorizontalAxis: Horizontal
  m_VerticalAxis: Vertical
  m_SubmitButton: Submit
  m_CancelButton: Cancel
  m_InputActionsPerSecond: 10
  m_RepeatDelay: .5
  m_AllowActivationOnMobileDevice: 0
--- !u!114 &746529453
MonoBehaviour:
  m_ObjectHideFlags: 0
  m_PrefabParentObject: {fileID: 0}
  m_PrefabInternal: {fileID: 0}
  m_GameObject: {fileID: 746529450}
  m_Enabled: 1
  m_EditorHideFlags: 0
  m_Script: {fileID: -619905303, guid: f5f67c52d1564df4a8936ccd202a3bd8, type: 3}
  m_Name: 
  m_EditorClassIdentifier: 
  m_FirstSelected: {fileID: 0}
  m_sendNavigationEvents: 1
  m_DragThreshold: 5
--- !u!4 &746529454
Transform:
  m_ObjectHideFlags: 0
  m_PrefabParentObject: {fileID: 0}
  m_PrefabInternal: {fileID: 0}
  m_GameObject: {fileID: 746529450}
  m_LocalRotation: {x: 0, y: 0, z: 0, w: 1}
  m_LocalPosition: {x: 0, y: 0, z: 0}
  m_LocalScale: {x: 1, y: 1, z: 1}
  m_Children: []
  m_Father: {fileID: 0}
  m_RootOrder: 1
--- !u!1 &746956773
GameObject:
  m_ObjectHideFlags: 0
  m_PrefabParentObject: {fileID: 0}
  m_PrefabInternal: {fileID: 0}
  serializedVersion: 4
  m_Component:
  - 224: {fileID: 746956774}
  - 222: {fileID: 746956777}
  - 114: {fileID: 746956776}
  - 114: {fileID: 746956775}
  - 114: {fileID: 746956778}
  m_Layer: 5
  m_Name: Rotate Left Button
  m_TagString: Untagged
  m_Icon: {fileID: 0}
  m_NavMeshLayer: 0
  m_StaticEditorFlags: 0
  m_IsActive: 1
--- !u!224 &746956774
RectTransform:
  m_ObjectHideFlags: 0
  m_PrefabParentObject: {fileID: 0}
  m_PrefabInternal: {fileID: 0}
  m_GameObject: {fileID: 746956773}
  m_LocalRotation: {x: 0, y: 0, z: 0, w: 1}
  m_LocalPosition: {x: 0, y: 0, z: 0}
  m_LocalScale: {x: -1, y: 1, z: 1}
  m_Children: []
  m_Father: {fileID: 544953686}
  m_RootOrder: 1
  m_AnchorMin: {x: 0, y: 0}
  m_AnchorMax: {x: 0, y: 0}
  m_AnchoredPosition: {x: 81, y: 231}
  m_SizeDelta: {x: 100, y: 100}
  m_Pivot: {x: .5, y: .5}
--- !u!114 &746956775
MonoBehaviour:
  m_ObjectHideFlags: 0
  m_PrefabParentObject: {fileID: 0}
  m_PrefabInternal: {fileID: 0}
  m_GameObject: {fileID: 746956773}
  m_Enabled: 1
  m_EditorHideFlags: 0
  m_Script: {fileID: 1392445389, guid: f5f67c52d1564df4a8936ccd202a3bd8, type: 3}
  m_Name: 
  m_EditorClassIdentifier: 
  m_Navigation:
    m_Mode: 3
    m_SelectOnUp: {fileID: 0}
    m_SelectOnDown: {fileID: 0}
    m_SelectOnLeft: {fileID: 0}
    m_SelectOnRight: {fileID: 0}
  m_Transition: 1
  m_Colors:
    m_NormalColor: {r: 1, g: 1, b: 1, a: 1}
    m_HighlightedColor: {r: .960784316, g: .960784316, b: .960784316, a: 1}
    m_PressedColor: {r: .784313738, g: .784313738, b: .784313738, a: 1}
    m_DisabledColor: {r: .784313738, g: .784313738, b: .784313738, a: .501960814}
    m_ColorMultiplier: 1
    m_FadeDuration: .100000001
  m_SpriteState:
    m_HighlightedSprite: {fileID: 0}
    m_PressedSprite: {fileID: 0}
    m_DisabledSprite: {fileID: 0}
  m_AnimationTriggers:
    m_NormalTrigger: Normal
    m_HighlightedTrigger: Highlighted
    m_PressedTrigger: Pressed
    m_DisabledTrigger: Disabled
  m_Interactable: 1
  m_TargetGraphic: {fileID: 746956776}
  m_OnClick:
    m_PersistentCalls:
      m_Calls: []
    m_TypeName: UnityEngine.UI.Button+ButtonClickedEvent, UnityEngine.UI, Version=1.0.0.0,
      Culture=neutral, PublicKeyToken=null
--- !u!114 &746956776
MonoBehaviour:
  m_ObjectHideFlags: 0
  m_PrefabParentObject: {fileID: 0}
  m_PrefabInternal: {fileID: 0}
  m_GameObject: {fileID: 746956773}
  m_Enabled: 1
  m_EditorHideFlags: 0
  m_Script: {fileID: -765806418, guid: f5f67c52d1564df4a8936ccd202a3bd8, type: 3}
  m_Name: 
  m_EditorClassIdentifier: 
  m_Material: {fileID: 0}
  m_Color: {r: 1, g: 1, b: 1, a: 1}
  m_Sprite: {fileID: 21300000, guid: 7ccc6ce3117164a2aa79d924057c7c80, type: 3}
  m_Type: 0
  m_PreserveAspect: 0
  m_FillCenter: 1
  m_FillMethod: 4
  m_FillAmount: 1
  m_FillClockwise: 1
  m_FillOrigin: 0
--- !u!222 &746956777
CanvasRenderer:
  m_ObjectHideFlags: 0
  m_PrefabParentObject: {fileID: 0}
  m_PrefabInternal: {fileID: 0}
  m_GameObject: {fileID: 746956773}
--- !u!114 &746956778
MonoBehaviour:
  m_ObjectHideFlags: 0
  m_PrefabParentObject: {fileID: 0}
  m_PrefabInternal: {fileID: 0}
  m_GameObject: {fileID: 746956773}
  m_Enabled: 1
  m_EditorHideFlags: 0
  m_Script: {fileID: -1862395651, guid: f5f67c52d1564df4a8936ccd202a3bd8, type: 3}
  m_Name: 
  m_EditorClassIdentifier: 
  m_Delegates:
  - eventID: 2
    callback:
      m_PersistentCalls:
        m_Calls:
        - m_Target: {fileID: 1641729029}
          m_MethodName: RotateLeft
          m_Mode: 1
          m_Arguments:
            m_ObjectArgument: {fileID: 0}
            m_ObjectArgumentAssemblyTypeName: UnityEngine.Object, UnityEngine
            m_IntArgument: 0
            m_FloatArgument: 0
            m_StringArgument: 
            m_BoolArgument: 0
          m_CallState: 2
      m_TypeName: UnityEngine.EventSystems.EventTrigger+TriggerEvent, UnityEngine.UI,
        Version=1.0.0.0, Culture=neutral, PublicKeyToken=null
  - eventID: 3
    callback:
      m_PersistentCalls:
        m_Calls:
        - m_Target: {fileID: 1641729029}
          m_MethodName: StopRotation
          m_Mode: 1
          m_Arguments:
            m_ObjectArgument: {fileID: 0}
            m_ObjectArgumentAssemblyTypeName: UnityEngine.Object, UnityEngine
            m_IntArgument: 0
            m_FloatArgument: 0
            m_StringArgument: 
            m_BoolArgument: 0
          m_CallState: 2
      m_TypeName: UnityEngine.EventSystems.EventTrigger+TriggerEvent, UnityEngine.UI,
        Version=1.0.0.0, Culture=neutral, PublicKeyToken=null
  delegates:
  - eventID: 2
    callback:
      m_PersistentCalls:
        m_Calls:
        - m_Target: {fileID: 1641729029}
          m_MethodName: RotateLeft
          m_Mode: 1
          m_Arguments:
            m_ObjectArgument: {fileID: 0}
            m_ObjectArgumentAssemblyTypeName: UnityEngine.Object, UnityEngine
            m_IntArgument: 0
            m_FloatArgument: 0
            m_StringArgument: 
            m_BoolArgument: 0
          m_CallState: 2
      m_TypeName: UnityEngine.EventSystems.EventTrigger+TriggerEvent, UnityEngine.UI,
        Version=1.0.0.0, Culture=neutral, PublicKeyToken=null
  - eventID: 3
    callback:
      m_PersistentCalls:
        m_Calls:
        - m_Target: {fileID: 1641729029}
          m_MethodName: StopRotation
          m_Mode: 1
          m_Arguments:
            m_ObjectArgument: {fileID: 0}
            m_ObjectArgumentAssemblyTypeName: UnityEngine.Object, UnityEngine
            m_IntArgument: 0
            m_FloatArgument: 0
            m_StringArgument: 
            m_BoolArgument: 0
          m_CallState: 2
      m_TypeName: UnityEngine.EventSystems.EventTrigger+TriggerEvent, UnityEngine.UI,
        Version=1.0.0.0, Culture=neutral, PublicKeyToken=null
--- !u!1001 &1086254945
Prefab:
  m_ObjectHideFlags: 0
  serializedVersion: 2
  m_Modification:
    m_TransformParent: {fileID: 508015521}
    m_Modifications:
    - target: {fileID: 493712, guid: 9878efe5381cc42ed8362cfdbb9ec334, type: 2}
      propertyPath: m_LocalPosition.x
      value: -.726626277
      objectReference: {fileID: 0}
    - target: {fileID: 493712, guid: 9878efe5381cc42ed8362cfdbb9ec334, type: 2}
      propertyPath: m_LocalPosition.y
      value: .254523516
      objectReference: {fileID: 0}
    - target: {fileID: 493712, guid: 9878efe5381cc42ed8362cfdbb9ec334, type: 2}
      propertyPath: m_LocalPosition.z
      value: .0847698674
      objectReference: {fileID: 0}
    - target: {fileID: 493712, guid: 9878efe5381cc42ed8362cfdbb9ec334, type: 2}
      propertyPath: m_LocalRotation.x
      value: 0
      objectReference: {fileID: 0}
    - target: {fileID: 493712, guid: 9878efe5381cc42ed8362cfdbb9ec334, type: 2}
      propertyPath: m_LocalRotation.y
      value: 0
      objectReference: {fileID: 0}
    - target: {fileID: 493712, guid: 9878efe5381cc42ed8362cfdbb9ec334, type: 2}
      propertyPath: m_LocalRotation.z
      value: 0
      objectReference: {fileID: 0}
    - target: {fileID: 493712, guid: 9878efe5381cc42ed8362cfdbb9ec334, type: 2}
      propertyPath: m_LocalRotation.w
      value: 1
      objectReference: {fileID: 0}
    - target: {fileID: 493712, guid: 9878efe5381cc42ed8362cfdbb9ec334, type: 2}
      propertyPath: m_RootOrder
      value: 1
      objectReference: {fileID: 0}
    - target: {fileID: 180986, guid: 9878efe5381cc42ed8362cfdbb9ec334, type: 2}
      propertyPath: m_Name
      value: Star (3)
      objectReference: {fileID: 0}
    m_RemovedComponents: []
  m_ParentPrefab: {fileID: 100100000, guid: 9878efe5381cc42ed8362cfdbb9ec334, type: 2}
  m_IsPrefabParent: 0
--- !u!4 &1086254946 stripped
Transform:
  m_PrefabParentObject: {fileID: 493712, guid: 9878efe5381cc42ed8362cfdbb9ec334, type: 2}
  m_PrefabInternal: {fileID: 1086254945}
--- !u!20 &1189729846 stripped
Camera:
  m_PrefabParentObject: {fileID: 2072028, guid: 4f96964cd48f34e65bfac33d7fa43201,
    type: 2}
  m_PrefabInternal: {fileID: 510626491}
--- !u!1001 &1564284827
Prefab:
  m_ObjectHideFlags: 0
  serializedVersion: 2
  m_Modification:
    m_TransformParent: {fileID: 0}
    m_Modifications:
    - target: {fileID: 441230, guid: 411361f3929cb443d998d826513b2ba1, type: 2}
      propertyPath: m_LocalPosition.x
      value: 1.62207031
      objectReference: {fileID: 0}
    - target: {fileID: 441230, guid: 411361f3929cb443d998d826513b2ba1, type: 2}
      propertyPath: m_LocalPosition.y
      value: 4.45471382
      objectReference: {fileID: 0}
    - target: {fileID: 441230, guid: 411361f3929cb443d998d826513b2ba1, type: 2}
      propertyPath: m_LocalPosition.z
      value: 6
      objectReference: {fileID: 0}
    - target: {fileID: 441230, guid: 411361f3929cb443d998d826513b2ba1, type: 2}
      propertyPath: m_LocalRotation.x
      value: 0
      objectReference: {fileID: 0}
    - target: {fileID: 441230, guid: 411361f3929cb443d998d826513b2ba1, type: 2}
      propertyPath: m_LocalRotation.y
      value: 0
      objectReference: {fileID: 0}
    - target: {fileID: 441230, guid: 411361f3929cb443d998d826513b2ba1, type: 2}
      propertyPath: m_LocalRotation.z
      value: 0
      objectReference: {fileID: 0}
    - target: {fileID: 441230, guid: 411361f3929cb443d998d826513b2ba1, type: 2}
      propertyPath: m_LocalRotation.w
      value: 1
      objectReference: {fileID: 0}
    - target: {fileID: 441230, guid: 411361f3929cb443d998d826513b2ba1, type: 2}
      propertyPath: m_RootOrder
      value: 0
      objectReference: {fileID: 0}
    - target: {fileID: 11438440, guid: 411361f3929cb443d998d826513b2ba1, type: 2}
      propertyPath: delegates.Array.data[0].callback.m_PersistentCalls.m_Calls.Array.data[0].m_Target
      value: 
      objectReference: {fileID: 2081882927}
    - target: {fileID: 11438440, guid: 411361f3929cb443d998d826513b2ba1, type: 2}
      propertyPath: delegates.Array.data[1].callback.m_PersistentCalls.m_Calls.Array.data[0].m_Target
      value: 
      objectReference: {fileID: 2081882927}
    - target: {fileID: 11438440, guid: 411361f3929cb443d998d826513b2ba1, type: 2}
      propertyPath: m_Delegates.Array.data[0].callback.m_PersistentCalls.m_Calls.Array.data[0].m_Target
      value: 
      objectReference: {fileID: 2081882927}
    - target: {fileID: 11438440, guid: 411361f3929cb443d998d826513b2ba1, type: 2}
      propertyPath: m_Delegates.Array.data[0].callback.m_PersistentCalls.m_Calls.Array.data[0].m_MethodName
      value: AccumulatePower
      objectReference: {fileID: 0}
    - target: {fileID: 11438440, guid: 411361f3929cb443d998d826513b2ba1, type: 2}
      propertyPath: m_Delegates.Array.data[1].callback.m_PersistentCalls.m_Calls.Array.data[0].m_Target
      value: 
      objectReference: {fileID: 2081882927}
    - target: {fileID: 11438440, guid: 411361f3929cb443d998d826513b2ba1, type: 2}
      propertyPath: m_Delegates.Array.data[1].callback.m_PersistentCalls.m_Calls.Array.data[0].m_MethodName
      value: ReleaseFire
      objectReference: {fileID: 0}
    - target: {fileID: 11479150, guid: 411361f3929cb443d998d826513b2ba1, type: 2}
      propertyPath: totalStars
      value: 1
      objectReference: {fileID: 0}
    - target: {fileID: 11437888, guid: 411361f3929cb443d998d826513b2ba1, type: 2}
      propertyPath: m_OnClick.m_PersistentCalls.m_Calls.Array.data[0].m_Target
      value: 
      objectReference: {fileID: 118647995}
    - target: {fileID: 11437888, guid: 411361f3929cb443d998d826513b2ba1, type: 2}
      propertyPath: m_OnClick.m_PersistentCalls.m_Calls.Array.data[0].m_MethodName
      value: toggleSound
      objectReference: {fileID: 0}
    m_RemovedComponents: []
  m_ParentPrefab: {fileID: 100100000, guid: 411361f3929cb443d998d826513b2ba1, type: 2}
  m_IsPrefabParent: 0
--- !u!1 &1641729022 stripped
GameObject:
  m_PrefabParentObject: {fileID: 133512, guid: c9144dc6ac1474718a869ea2d473ae67, type: 2}
  m_PrefabInternal: {fileID: 2081882926}
--- !u!114 &1641729029
MonoBehaviour:
  m_ObjectHideFlags: 0
  m_PrefabParentObject: {fileID: 0}
  m_PrefabInternal: {fileID: 0}
  m_GameObject: {fileID: 1641729022}
  m_Enabled: 1
  m_EditorHideFlags: 0
  m_Script: {fileID: 11500000, guid: 543805a543d4d264f9bfd2a3029b50b2, type: 3}
  m_Name: 
  m_EditorClassIdentifier: 
  buttons:
    serializedVersion: 2
    m_Bits: 256
--- !u!1001 &1739138317
Prefab:
  m_ObjectHideFlags: 0
  serializedVersion: 2
  m_Modification:
    m_TransformParent: {fileID: 0}
    m_Modifications:
    - target: {fileID: 407022, guid: 2619ace97da69426792d5405b50b0fa8, type: 2}
      propertyPath: m_LocalPosition.x
      value: 0
      objectReference: {fileID: 0}
    - target: {fileID: 407022, guid: 2619ace97da69426792d5405b50b0fa8, type: 2}
      propertyPath: m_LocalPosition.y
      value: 29.4599991
      objectReference: {fileID: 0}
    - target: {fileID: 407022, guid: 2619ace97da69426792d5405b50b0fa8, type: 2}
      propertyPath: m_LocalPosition.z
      value: -10
      objectReference: {fileID: 0}
    - target: {fileID: 407022, guid: 2619ace97da69426792d5405b50b0fa8, type: 2}
      propertyPath: m_LocalRotation.x
      value: 0
      objectReference: {fileID: 0}
    - target: {fileID: 407022, guid: 2619ace97da69426792d5405b50b0fa8, type: 2}
      propertyPath: m_LocalRotation.y
      value: 0
      objectReference: {fileID: 0}
    - target: {fileID: 407022, guid: 2619ace97da69426792d5405b50b0fa8, type: 2}
      propertyPath: m_LocalRotation.z
      value: 0
      objectReference: {fileID: 0}
    - target: {fileID: 407022, guid: 2619ace97da69426792d5405b50b0fa8, type: 2}
      propertyPath: m_LocalRotation.w
      value: 1
      objectReference: {fileID: 0}
    - target: {fileID: 407022, guid: 2619ace97da69426792d5405b50b0fa8, type: 2}
      propertyPath: m_RootOrder
      value: 3
      objectReference: {fileID: 0}
    - target: {fileID: 139440, guid: 2619ace97da69426792d5405b50b0fa8, type: 2}
      propertyPath: m_Name
      value: Paralax Camera
      objectReference: {fileID: 0}
    - target: {fileID: 404736, guid: 2619ace97da69426792d5405b50b0fa8, type: 2}
      propertyPath: m_LocalPosition.y
      value: 1.5
      objectReference: {fileID: 0}
    - target: {fileID: 476924, guid: 2619ace97da69426792d5405b50b0fa8, type: 2}
      propertyPath: m_LocalPosition.y
      value: 1.47000003
      objectReference: {fileID: 0}
    - target: {fileID: 488090, guid: 2619ace97da69426792d5405b50b0fa8, type: 2}
      propertyPath: m_LocalPosition.y
      value: 1.86000001
      objectReference: {fileID: 0}
    m_RemovedComponents: []
  m_ParentPrefab: {fileID: 100100000, guid: 2619ace97da69426792d5405b50b0fa8, type: 2}
  m_IsPrefabParent: 0
--- !u!1001 &1752934128
Prefab:
  m_ObjectHideFlags: 0
  serializedVersion: 2
  m_Modification:
    m_TransformParent: {fileID: 508015521}
    m_Modifications:
    - target: {fileID: 493712, guid: 9878efe5381cc42ed8362cfdbb9ec334, type: 2}
      propertyPath: m_LocalPosition.x
      value: -.726626277
      objectReference: {fileID: 0}
    - target: {fileID: 493712, guid: 9878efe5381cc42ed8362cfdbb9ec334, type: 2}
      propertyPath: m_LocalPosition.y
      value: -1.24547648
      objectReference: {fileID: 0}
    - target: {fileID: 493712, guid: 9878efe5381cc42ed8362cfdbb9ec334, type: 2}
      propertyPath: m_LocalPosition.z
      value: .0847698674
      objectReference: {fileID: 0}
    - target: {fileID: 493712, guid: 9878efe5381cc42ed8362cfdbb9ec334, type: 2}
      propertyPath: m_LocalRotation.x
      value: 0
      objectReference: {fileID: 0}
    - target: {fileID: 493712, guid: 9878efe5381cc42ed8362cfdbb9ec334, type: 2}
      propertyPath: m_LocalRotation.y
      value: 0
      objectReference: {fileID: 0}
    - target: {fileID: 493712, guid: 9878efe5381cc42ed8362cfdbb9ec334, type: 2}
      propertyPath: m_LocalRotation.z
      value: 0
      objectReference: {fileID: 0}
    - target: {fileID: 493712, guid: 9878efe5381cc42ed8362cfdbb9ec334, type: 2}
      propertyPath: m_LocalRotation.w
      value: 1
      objectReference: {fileID: 0}
    - target: {fileID: 493712, guid: 9878efe5381cc42ed8362cfdbb9ec334, type: 2}
      propertyPath: m_RootOrder
      value: 3
      objectReference: {fileID: 0}
    m_RemovedComponents: []
  m_ParentPrefab: {fileID: 100100000, guid: 9878efe5381cc42ed8362cfdbb9ec334, type: 2}
  m_IsPrefabParent: 0
--- !u!4 &1752934129 stripped
Transform:
  m_PrefabParentObject: {fileID: 493712, guid: 9878efe5381cc42ed8362cfdbb9ec334, type: 2}
  m_PrefabInternal: {fileID: 1752934128}
--- !u!1 &1838428980
GameObject:
  m_ObjectHideFlags: 0
  m_PrefabParentObject: {fileID: 0}
  m_PrefabInternal: {fileID: 0}
  serializedVersion: 4
  m_Component:
  - 4: {fileID: 1838428981}
  m_Layer: 0
  m_Name: PhysicsObjects
  m_TagString: Untagged
  m_Icon: {fileID: 0}
  m_NavMeshLayer: 0
  m_StaticEditorFlags: 0
  m_IsActive: 1
--- !u!4 &1838428981
Transform:
  m_ObjectHideFlags: 0
  m_PrefabParentObject: {fileID: 0}
  m_PrefabInternal: {fileID: 0}
  m_GameObject: {fileID: 1838428980}
  m_LocalRotation: {x: 0, y: 0, z: 0, w: 1}
  m_LocalPosition: {x: -.194875419, y: -3.16240168, z: -3.67498088}
  m_LocalScale: {x: 1, y: 1, z: 1}
  m_Children:
  - {fileID: 508015521}
  - {fileID: 2081882928}
  - {fileID: 745113818}
  - {fileID: 620139903}
  m_Father: {fileID: 0}
  m_RootOrder: 2
--- !u!1 &1917542744
GameObject:
  m_ObjectHideFlags: 0
  m_PrefabParentObject: {fileID: 0}
  m_PrefabInternal: {fileID: 0}
  serializedVersion: 4
  m_Component:
  - 224: {fileID: 1917542745}
  - 222: {fileID: 1917542748}
  - 114: {fileID: 1917542747}
  - 114: {fileID: 1917542746}
  - 114: {fileID: 1917542749}
  m_Layer: 5
  m_Name: Rotate Right Button
  m_TagString: Untagged
  m_Icon: {fileID: 0}
  m_NavMeshLayer: 0
  m_StaticEditorFlags: 0
  m_IsActive: 1
--- !u!224 &1917542745
RectTransform:
  m_ObjectHideFlags: 0
  m_PrefabParentObject: {fileID: 0}
  m_PrefabInternal: {fileID: 0}
  m_GameObject: {fileID: 1917542744}
  m_LocalRotation: {x: 0, y: 0, z: 0, w: 1}
  m_LocalPosition: {x: 0, y: 0, z: 0}
  m_LocalScale: {x: 1, y: 1, z: 1}
  m_Children: []
  m_Father: {fileID: 544953686}
  m_RootOrder: 2
  m_AnchorMin: {x: 1, y: 0}
  m_AnchorMax: {x: 1, y: 0}
  m_AnchoredPosition: {x: -81, y: 235}
  m_SizeDelta: {x: 100, y: 100}
  m_Pivot: {x: .5, y: .5}
--- !u!114 &1917542746
MonoBehaviour:
  m_ObjectHideFlags: 0
  m_PrefabParentObject: {fileID: 0}
  m_PrefabInternal: {fileID: 0}
  m_GameObject: {fileID: 1917542744}
  m_Enabled: 1
  m_EditorHideFlags: 0
  m_Script: {fileID: 1392445389, guid: f5f67c52d1564df4a8936ccd202a3bd8, type: 3}
  m_Name: 
  m_EditorClassIdentifier: 
  m_Navigation:
    m_Mode: 3
    m_SelectOnUp: {fileID: 0}
    m_SelectOnDown: {fileID: 0}
    m_SelectOnLeft: {fileID: 0}
    m_SelectOnRight: {fileID: 0}
  m_Transition: 1
  m_Colors:
    m_NormalColor: {r: 1, g: 1, b: 1, a: 1}
    m_HighlightedColor: {r: .960784316, g: .960784316, b: .960784316, a: 1}
    m_PressedColor: {r: .784313738, g: .784313738, b: .784313738, a: 1}
    m_DisabledColor: {r: .784313738, g: .784313738, b: .784313738, a: .501960814}
    m_ColorMultiplier: 1
    m_FadeDuration: .100000001
  m_SpriteState:
    m_HighlightedSprite: {fileID: 0}
    m_PressedSprite: {fileID: 0}
    m_DisabledSprite: {fileID: 0}
  m_AnimationTriggers:
    m_NormalTrigger: Normal
    m_HighlightedTrigger: Highlighted
    m_PressedTrigger: Pressed
    m_DisabledTrigger: Disabled
  m_Interactable: 1
  m_TargetGraphic: {fileID: 1917542747}
  m_OnClick:
    m_PersistentCalls:
      m_Calls: []
    m_TypeName: UnityEngine.UI.Button+ButtonClickedEvent, UnityEngine.UI, Version=1.0.0.0,
      Culture=neutral, PublicKeyToken=null
--- !u!114 &1917542747
MonoBehaviour:
  m_ObjectHideFlags: 0
  m_PrefabParentObject: {fileID: 0}
  m_PrefabInternal: {fileID: 0}
  m_GameObject: {fileID: 1917542744}
  m_Enabled: 1
  m_EditorHideFlags: 0
  m_Script: {fileID: -765806418, guid: f5f67c52d1564df4a8936ccd202a3bd8, type: 3}
  m_Name: 
  m_EditorClassIdentifier: 
  m_Material: {fileID: 0}
  m_Color: {r: 1, g: 1, b: 1, a: 1}
  m_Sprite: {fileID: 21300000, guid: 7ccc6ce3117164a2aa79d924057c7c80, type: 3}
  m_Type: 0
  m_PreserveAspect: 0
  m_FillCenter: 1
  m_FillMethod: 4
  m_FillAmount: 1
  m_FillClockwise: 1
  m_FillOrigin: 0
--- !u!222 &1917542748
CanvasRenderer:
  m_ObjectHideFlags: 0
  m_PrefabParentObject: {fileID: 0}
  m_PrefabInternal: {fileID: 0}
  m_GameObject: {fileID: 1917542744}
--- !u!114 &1917542749
MonoBehaviour:
  m_ObjectHideFlags: 0
  m_PrefabParentObject: {fileID: 0}
  m_PrefabInternal: {fileID: 0}
  m_GameObject: {fileID: 1917542744}
  m_Enabled: 1
  m_EditorHideFlags: 0
  m_Script: {fileID: -1862395651, guid: f5f67c52d1564df4a8936ccd202a3bd8, type: 3}
  m_Name: 
  m_EditorClassIdentifier: 
  m_Delegates:
  - eventID: 2
    callback:
      m_PersistentCalls:
        m_Calls:
        - m_Target: {fileID: 1641729029}
          m_MethodName: RotateRight
          m_Mode: 1
          m_Arguments:
            m_ObjectArgument: {fileID: 0}
            m_ObjectArgumentAssemblyTypeName: UnityEngine.Object, UnityEngine
            m_IntArgument: 0
            m_FloatArgument: 0
            m_StringArgument: 
            m_BoolArgument: 0
          m_CallState: 2
      m_TypeName: UnityEngine.EventSystems.EventTrigger+TriggerEvent, UnityEngine.UI,
        Version=1.0.0.0, Culture=neutral, PublicKeyToken=null
  - eventID: 3
    callback:
      m_PersistentCalls:
        m_Calls:
        - m_Target: {fileID: 1641729029}
          m_MethodName: StopRotation
          m_Mode: 1
          m_Arguments:
            m_ObjectArgument: {fileID: 0}
            m_ObjectArgumentAssemblyTypeName: UnityEngine.Object, UnityEngine
            m_IntArgument: 0
            m_FloatArgument: 0
            m_StringArgument: 
            m_BoolArgument: 0
          m_CallState: 2
      m_TypeName: UnityEngine.EventSystems.EventTrigger+TriggerEvent, UnityEngine.UI,
        Version=1.0.0.0, Culture=neutral, PublicKeyToken=null
  delegates:
  - eventID: 2
    callback:
      m_PersistentCalls:
        m_Calls:
        - m_Target: {fileID: 1641729029}
          m_MethodName: RotateRight
          m_Mode: 1
          m_Arguments:
            m_ObjectArgument: {fileID: 0}
            m_ObjectArgumentAssemblyTypeName: UnityEngine.Object, UnityEngine
            m_IntArgument: 0
            m_FloatArgument: 0
            m_StringArgument: 
            m_BoolArgument: 0
          m_CallState: 2
      m_TypeName: UnityEngine.EventSystems.EventTrigger+TriggerEvent, UnityEngine.UI,
        Version=1.0.0.0, Culture=neutral, PublicKeyToken=null
  - eventID: 3
    callback:
      m_PersistentCalls:
        m_Calls:
        - m_Target: {fileID: 1641729029}
          m_MethodName: StopRotation
          m_Mode: 1
          m_Arguments:
            m_ObjectArgument: {fileID: 0}
            m_ObjectArgumentAssemblyTypeName: UnityEngine.Object, UnityEngine
            m_IntArgument: 0
            m_FloatArgument: 0
            m_StringArgument: 
            m_BoolArgument: 0
          m_CallState: 2
      m_TypeName: UnityEngine.EventSystems.EventTrigger+TriggerEvent, UnityEngine.UI,
        Version=1.0.0.0, Culture=neutral, PublicKeyToken=null
--- !u!1001 &1945510401
Prefab:
  m_ObjectHideFlags: 0
  serializedVersion: 2
  m_Modification:
    m_TransformParent: {fileID: 508015521}
    m_Modifications:
    - target: {fileID: 493712, guid: 9878efe5381cc42ed8362cfdbb9ec334, type: 2}
      propertyPath: m_LocalPosition.x
      value: -.726626277
      objectReference: {fileID: 0}
    - target: {fileID: 493712, guid: 9878efe5381cc42ed8362cfdbb9ec334, type: 2}
      propertyPath: m_LocalPosition.y
      value: -.745476484
      objectReference: {fileID: 0}
    - target: {fileID: 493712, guid: 9878efe5381cc42ed8362cfdbb9ec334, type: 2}
      propertyPath: m_LocalPosition.z
      value: .0847698674
      objectReference: {fileID: 0}
    - target: {fileID: 493712, guid: 9878efe5381cc42ed8362cfdbb9ec334, type: 2}
      propertyPath: m_LocalRotation.x
      value: 0
      objectReference: {fileID: 0}
    - target: {fileID: 493712, guid: 9878efe5381cc42ed8362cfdbb9ec334, type: 2}
      propertyPath: m_LocalRotation.y
      value: 0
      objectReference: {fileID: 0}
    - target: {fileID: 493712, guid: 9878efe5381cc42ed8362cfdbb9ec334, type: 2}
      propertyPath: m_LocalRotation.z
      value: 0
      objectReference: {fileID: 0}
    - target: {fileID: 493712, guid: 9878efe5381cc42ed8362cfdbb9ec334, type: 2}
      propertyPath: m_LocalRotation.w
      value: 1
      objectReference: {fileID: 0}
    - target: {fileID: 493712, guid: 9878efe5381cc42ed8362cfdbb9ec334, type: 2}
      propertyPath: m_RootOrder
      value: 2
      objectReference: {fileID: 0}
    - target: {fileID: 180986, guid: 9878efe5381cc42ed8362cfdbb9ec334, type: 2}
      propertyPath: m_Name
      value: Star (1)
      objectReference: {fileID: 0}
    m_RemovedComponents: []
  m_ParentPrefab: {fileID: 100100000, guid: 9878efe5381cc42ed8362cfdbb9ec334, type: 2}
  m_IsPrefabParent: 0
--- !u!4 &1945510402 stripped
Transform:
  m_PrefabParentObject: {fileID: 493712, guid: 9878efe5381cc42ed8362cfdbb9ec334, type: 2}
  m_PrefabInternal: {fileID: 1945510401}
--- !u!1001 &2081882926
Prefab:
  m_ObjectHideFlags: 0
  serializedVersion: 2
  m_Modification:
    m_TransformParent: {fileID: 1838428981}
    m_Modifications:
    - target: {fileID: 416396, guid: c9144dc6ac1474718a869ea2d473ae67, type: 2}
      propertyPath: m_LocalPosition.x
      value: .794875443
      objectReference: {fileID: 0}
    - target: {fileID: 416396, guid: c9144dc6ac1474718a869ea2d473ae67, type: 2}
      propertyPath: m_LocalPosition.y
      value: -.0725982189
      objectReference: {fileID: 0}
    - target: {fileID: 416396, guid: c9144dc6ac1474718a869ea2d473ae67, type: 2}
      propertyPath: m_LocalPosition.z
      value: 3.96498084
      objectReference: {fileID: 0}
    - target: {fileID: 416396, guid: c9144dc6ac1474718a869ea2d473ae67, type: 2}
      propertyPath: m_LocalRotation.x
      value: 0
      objectReference: {fileID: 0}
    - target: {fileID: 416396, guid: c9144dc6ac1474718a869ea2d473ae67, type: 2}
      propertyPath: m_LocalRotation.y
      value: 0
      objectReference: {fileID: 0}
    - target: {fileID: 416396, guid: c9144dc6ac1474718a869ea2d473ae67, type: 2}
      propertyPath: m_LocalRotation.z
      value: 0
      objectReference: {fileID: 0}
    - target: {fileID: 416396, guid: c9144dc6ac1474718a869ea2d473ae67, type: 2}
      propertyPath: m_LocalRotation.w
      value: 1
      objectReference: {fileID: 0}
    - target: {fileID: 416396, guid: c9144dc6ac1474718a869ea2d473ae67, type: 2}
      propertyPath: m_RootOrder
      value: 1
      objectReference: {fileID: 0}
    - target: {fileID: 11458654, guid: c9144dc6ac1474718a869ea2d473ae67, type: 2}
      propertyPath: m_MatchWidthOrHeight
      value: 1
      objectReference: {fileID: 0}
    - target: {fileID: 11475532, guid: c9144dc6ac1474718a869ea2d473ae67, type: 2}
      propertyPath: m_FillAmount
      value: 0
      objectReference: {fileID: 0}
    - target: {fileID: 22471546, guid: c9144dc6ac1474718a869ea2d473ae67, type: 2}
      propertyPath: m_LocalPosition.z
      value: 0
      objectReference: {fileID: 0}
    - target: {fileID: 22359682, guid: c9144dc6ac1474718a869ea2d473ae67, type: 2}
      propertyPath: m_Camera
      value: 
      objectReference: {fileID: 1189729846}
    - target: {fileID: 22359682, guid: c9144dc6ac1474718a869ea2d473ae67, type: 2}
      propertyPath: m_PlaneDistance
      value: 10
      objectReference: {fileID: 0}
    - target: {fileID: 22471546, guid: c9144dc6ac1474718a869ea2d473ae67, type: 2}
      propertyPath: m_AnchoredPosition.x
      value: -126
      objectReference: {fileID: 0}
    - target: {fileID: 22471546, guid: c9144dc6ac1474718a869ea2d473ae67, type: 2}
      propertyPath: m_AnchoredPosition.y
      value: -430
      objectReference: {fileID: 0}
    - target: {fileID: 22471546, guid: c9144dc6ac1474718a869ea2d473ae67, type: 2}
      propertyPath: m_AnchorMin.x
      value: .5
      objectReference: {fileID: 0}
    - target: {fileID: 22471546, guid: c9144dc6ac1474718a869ea2d473ae67, type: 2}
      propertyPath: m_AnchorMin.y
      value: .5
      objectReference: {fileID: 0}
    - target: {fileID: 22471546, guid: c9144dc6ac1474718a869ea2d473ae67, type: 2}
      propertyPath: m_AnchorMax.x
      value: .5
      objectReference: {fileID: 0}
    - target: {fileID: 22471546, guid: c9144dc6ac1474718a869ea2d473ae67, type: 2}
      propertyPath: m_AnchorMax.y
      value: .5
      objectReference: {fileID: 0}
    - target: {fileID: 22471546, guid: c9144dc6ac1474718a869ea2d473ae67, type: 2}
      propertyPath: m_LocalScale.x
      value: .544502378
      objectReference: {fileID: 0}
    - target: {fileID: 22471546, guid: c9144dc6ac1474718a869ea2d473ae67, type: 2}
      propertyPath: m_LocalScale.y
      value: .544502378
      objectReference: {fileID: 0}
    - target: {fileID: 22471546, guid: c9144dc6ac1474718a869ea2d473ae67, type: 2}
      propertyPath: m_LocalScale.z
      value: .00873474684
      objectReference: {fileID: 0}
    - target: {fileID: 23371050, guid: c9144dc6ac1474718a869ea2d473ae67, type: 2}
      propertyPath: m_Enabled
      value: 1
      objectReference: {fileID: 0}
    - target: {fileID: 23371050, guid: c9144dc6ac1474718a869ea2d473ae67, type: 2}
      propertyPath: m_AngleLimits.m_UpperAngle
      value: 170
      objectReference: {fileID: 0}
    - target: {fileID: 11402096, guid: c9144dc6ac1474718a869ea2d473ae67, type: 2}
      propertyPath: ball
      value: 
      objectReference: {fileID: 141164, guid: dce46dbf154f5460fac5a8cec01b64de, type: 2}
    - target: {fileID: 23371050, guid: c9144dc6ac1474718a869ea2d473ae67, type: 2}
      propertyPath: m_AngleLimits.m_LowerAngle
      value: 10
      objectReference: {fileID: 0}
    - target: {fileID: 23371050, guid: c9144dc6ac1474718a869ea2d473ae67, type: 2}
      propertyPath: m_UseMotor
      value: 1
      objectReference: {fileID: 0}
    - target: {fileID: 11442754, guid: c9144dc6ac1474718a869ea2d473ae67, type: 2}
      propertyPath: useMotor
      value: 0
      objectReference: {fileID: 0}
    - target: {fileID: 11442754, guid: c9144dc6ac1474718a869ea2d473ae67, type: 2}
      propertyPath: m_Enabled
      value: 0
      objectReference: {fileID: 0}
    - target: {fileID: 153088, guid: c9144dc6ac1474718a869ea2d473ae67, type: 2}
      propertyPath: m_IsActive
      value: 0
      objectReference: {fileID: 0}
    - target: {fileID: 141818, guid: c9144dc6ac1474718a869ea2d473ae67, type: 2}
      propertyPath: m_IsActive
      value: 1
      objectReference: {fileID: 0}
    m_RemovedComponents: []
  m_ParentPrefab: {fileID: 100100000, guid: c9144dc6ac1474718a869ea2d473ae67, type: 2}
  m_IsPrefabParent: 0
--- !u!114 &2081882927 stripped
MonoBehaviour:
  m_PrefabParentObject: {fileID: 11402096, guid: c9144dc6ac1474718a869ea2d473ae67,
    type: 2}
  m_PrefabInternal: {fileID: 2081882926}
  m_Script: {fileID: 11500000, guid: 049585352f7fa4fd4a02976f107e2529, type: 3}
--- !u!4 &2081882928 stripped
Transform:
  m_PrefabParentObject: {fileID: 416396, guid: c9144dc6ac1474718a869ea2d473ae67, type: 2}
  m_PrefabInternal: {fileID: 2081882926}
